{"tobaccoProducts":false,"products":[{"productId":"5002523-EA-000","brand":"Bell","name":"Original Black Tea Bags","displayName":"30pk","availability":["IN_STORE","ONLINE"],"saleType":"UNITS","restrictedFlag":false,"liquorFlag":false,"tobaccoFlag":false,"originRegulated":false,"singlePrice":{"price":229,"promoId":"130015949","comparativePrice":{"pricePerUnit":8,"unitQuantity":1,"unitQuantityUom":"ea","measureDescription":"ea"}},"promotions":[{"promoId":"130015949","rewardValue":229,"decal":"6000","sapType":"BASE","rewardType":"NEW_PRICE","threshold":1,"limit":0,"multiProducts":false,"cardDependencyFlag":false,"bestPromotion":true,"comparativePrice":{"pricePerUnit":8,"unitQuantity":1,"unitQuantityUom":"ea","measureDescription":"ea"}}],"facets":[{"itemCode":"00020012","itemDescription":"Non-GMO"}],"categoryTrees":[{"level0":"Hot & Cold Drinks","level1":"Tea","level2":"Black Tea"}],"cateredFlag":false,"algoliaAnalytics":{"searchQueryID":"7ee82c1aa5a2bdbec53c5d267074bb76","searchPosition":951},"boughtBefore":false},{"productId":"5014956-EA-000","brand":"Vitasoy","name":"Regular Soy Milky","displayName":"1l","availability":["IN_STORE","ONLINE"],"saleType":"UNITS","restrictedFlag":false,"liquorFlag":false,"tobaccoFlag":false,"originRegulated":false,"singlePrice":{"price":379,"comparativePrice":{"pricePerUnit":379,"unitQuantity":1,"unitQuantityUom":"L","measureDescription":"1L"}},"facets":[{"itemCode":"00020013","itemDescription":"Vegan"},{"itemCode":"00020012","itemDescription":"Non-GMO"},{"itemCode":"00020014","itemDescription":"Vegetarian"}],"categoryTrees":[{"level0":"Pantry","level1":"Long Life & Dairy Free Milk","level2":"Soy Milk"}],"cateredFlag":false,"algoliaAnalytics":{"searchQueryID":"7ee82c1aa5a2bdbec53c5d267074bb76","searchPosition":952},"boughtBefore":false},{"productId":"5030355-EA-000","brand":"Pams","name":"Cannellini Beans In Brine","displayName":"410g","availability":["IN_STORE","ONLINE"],"saleType":"UNITS","restrictedFlag":false,"liquorFlag":false,"tobaccoFlag":false,"originRegulated":false,"singlePrice":{"price":89,"comparativePrice":{"pricePerUnit":217,"unitQuantity":1,"unitQuantityUom":"kg","measureDescription":"1kg"}},"facets":[{"itemCode":"00020012","itemDescription":"Non-GMO"},{"itemCode":"00020007","itemDescription":"Dairy Free"},{"itemCode":"00020013","itemDescription":"Vegan"},{"itemCode":"00020014","itemDescription":"Vegetarian"},{"itemCode":"00020011","itemDescription":"Low Sugar"}],"categoryTrees":[{"level0":"Pantry","level1":"Canned Foods & Packets","level2":"Chickpeas, Lentils & Beans"},{"level0":"Featured","level1":"Pams","level2":"Canned & Prepared Foods"}],"cateredFlag":false,"algoliaAnalytics":{"searchQueryID":"7ee82c1aa5a2bdbec53c5d267074bb76","searchPosition":953},"boughtBefore":false},{"productId":"5010269-EA-000","brand":"Sanitarium So Good","name":"Regular Soy Milk","displayName":"1l","availability":["IN_STORE","ONLINE"],"saleType":"UNITS","restrictedFlag":false,"liquorFlag":false,"tobaccoFlag":false,"originRegulated":false,"singlePrice":{"price":349,"comparativePrice":{"pricePerUnit":349,"unitQuantity":1,"unitQuantityUom":"L","measureDescription":"1L"}},"facets":[{"itemCode":"00020004","itemDescription":"Gluten Free"},{"itemCode":"00020007","itemDescription":"Dairy Free"},{"itemCode":"00020012","itemDescription":"Non-GMO"}],"categoryTrees":[{"level0":"Pantry","level1":"Long Life & Dairy Free Milk","level2":"Soy Milk"}],"cateredFlag":false,"algoliaAnalytics":{"searchQueryID":"7ee82c1aa5a2bdbec53c5d267074bb76","searchPosition":954},"boughtBefore":false},{"productId":"5009692-EA-000","brand":"e2","name":"Blackcurrant & Apple Liquid Energy Fruit Drink","displayName":"800ml","availability":["IN_STORE","ONLINE"],"saleType":"UNITS","restrictedFlag":false,"liquorFlag":false,"tobaccoFlag":false,"originRegulated":false,"singlePrice":{"price":279,"comparativePrice":{"pricePerUnit":349,"unitQuantity":1,"unitQuantityUom":"L","measureDescription":"1L"}},"facets":[{"itemCode":"00020012","itemDescription":"Non-GMO"}],"categoryTrees":[{"level0":"Hot & Cold Drinks","level1":"Sports & Energy Drinks","level2":"Energy Drinks"}],"cateredFlag":false,"algoliaAnalytics":{"searchQueryID":"7ee82c1aa5a2bdbec53c5d267074bb76","searchPosition":955},"boughtBefore":false},{"productId":"5005980-EA-000","brand":"Pams","name":"Peaches In Mango Flavoured Jelly Cups","displayName":"4 x 125g","availability":["IN_STORE","ONLINE"],"saleType":"UNITS","restrictedFlag":false,"liquorFlag":false,"tobaccoFlag":false,"originRegulated":false,"singlePrice":{"price":269,"comparativePrice":{"pricePerUnit":538,"unitQuantity":1,"unitQuantityUom":"kg","measureDescription":"1kg"}},"facets":[{"itemCode":"00020007","itemDescription":"Dairy Free"},{"itemCode":"00020012","itemDescription":"Non-GMO"}],"categoryTrees":[{"level0":"Pantry","level1":"Desserts","level2":"Jelly & Fruit Cups"},{"level0":"Featured","level1":"Pams","level2":"Desserts"},{"level0":"Featured","level1":"Back to School","level2":"Lunchbox Snacks","webContent":{"badgeSmallUrl":"","badgeMediumUrl":"","badgeLargeUrl":"","title":"","subTitle":"","campaignUrl":""},"appContent":{"badgeSmallUrl":"","badgeMediumUrl":"","badgeLargeUrl":"","title":"","subTitle":"","campaignUrl":""}}],"cateredFlag":false,"algoliaAnalytics":{"searchQueryID":"7ee82c1aa5a2bdbec53c5d267074bb76","searchPosition":956},"boughtBefore":false},{"productId":"5028640-EA-000","brand":"Sanitarium Up & Go","name":"Chocolate Flavour Liquid Breakfast","displayName":"12 x 250ml","availability":["IN_STORE","ONLINE"],"saleType":"UNITS","restrictedFlag":false,"liquorFlag":false,"tobaccoFlag":false,"originRegulated":false,"marketingInitiatives":[{"initiativeCode":"AOV"}],"singlePrice":{"price":1579,"promoId":"129969795","comparativePrice":{"pricePerUnit":526,"unitQuantity":1,"unitQuantityUom":"L","measureDescription":"1L"}},"promotions":[{"promoId":"129969795","rewardValue":1579,"decal":"6000","sapType":"BASE","rewardType":"NEW_PRICE","threshold":1,"limit":0,"multiProducts":false,"cardDependencyFlag":false,"bestPromotion":true,"comparativePrice":{"pricePerUnit":526,"unitQuantity":1,"unitQuantityUom":"L","measureDescription":"1L"}}],"facets":[{"itemCode":"00020012","itemDescription":"Non-GMO"}],"categoryTrees":[{"level0":"Pantry","level1":"Breakfast Cereals","level2":"Breakfast On The Go"},{"level0":"Featured","level1":"Back to School","level2":"Breakfast On The Go","webContent":{"badgeSmallUrl":"","badgeMediumUrl":"","badgeLargeUrl":"","title":"","subTitle":"","campaignUrl":""},"appContent":{"badgeSmallUrl":"","badgeMediumUrl":"","badgeLargeUrl":"","title":"","subTitle":"","campaignUrl":""}}],"cateredFlag":false,"algoliaAnalytics":{"searchQueryID":"7ee82c1aa5a2bdbec53c5d267074bb76","searchPosition":957},"boughtBefore":false},{"productId":"5002646-EA-000","brand":"SunRice","name":"Australian Medium Grain Brown Rice","displayName":"1kg","availability":["IN_STORE","ONLINE"],"saleType":"UNITS","restrictedFlag":false,"liquorFlag":false,"tobaccoFlag":false,"originRegulated":false,"singlePrice":{"price":359,"comparativePrice":{"pricePerUnit":36,"unitQuantity":100,"unitQuantityUom":"g","measureDescription":"100g"}},"facets":[{"itemCode":"00020004","itemDescription":"Gluten Free"}],"categoryTrees":[{"level0":"Pantry","level1":"Pasta, Rice & Noodles","level2":"Rice"}],"cateredFlag":false,"algoliaAnalytics":{"searchQueryID":"7ee82c1aa5a2bdbec53c5d267074bb76","searchPosition":958},"boughtBefore":false},{"productId":"5002800-EA-000","brand":"Sanitarium Weet-Bix","name":"Breakfast Cereal","displayName":"750g","availability":["IN_STORE","ONLINE"],"saleType":"UNITS","restrictedFlag":false,"liquorFlag":false,"tobaccoFlag":false,"originRegulated":false,"singlePrice":{"price":529,"promoId":"129968420","comparativePrice":{"pricePerUnit":71,"unitQuantity":100,"unitQuantityUom":"g","measureDescription":"100g"}},"promotions":[{"promoId":"129968420","rewardValue":529,"decal":"6000","sapType":"BASE","rewardType":"NEW_PRICE","threshold":1,"limit":0,"multiProducts":false,"cardDependencyFlag":false,"bestPromotion":true,"comparativePrice":{"pricePerUnit":71,"unitQuantity":100,"unitQuantityUom":"g","measureDescription":"100g"}}],"facets":[{"itemCode":"00020011","itemDescription":"Low Sugar"},{"itemCode":"00020012","itemDescription":"Non-GMO"}],"categoryTrees":[{"level0":"Pantry","level1":"Breakfast Cereals","level2":"Everyday Cereal"}],"cateredFlag":false,"algoliaAnalytics":{"searchQueryID":"7ee82c1aa5a2bdbec53c5d267074bb76","searchPosition":959},"boughtBefore":false},{"productId":"5012066-EA-000","brand":"Wattie's","name":"Macaroni Cheese","displayName":"270g","availability":["IN_STORE","ONLINE"],"saleType":"UNITS","restrictedFlag":false,"liquorFlag":false,"tobaccoFlag":false,"originRegulated":false,"singlePrice":{"price":479,"promoId":"129966126","comparativePrice":{"pricePerUnit":177,"unitQuantity":100,"unitQuantityUom":"g","measureDescription":"100g"}},"promotions":[{"promoId":"129966126","rewardValue":479,"decal":"6000","sapType":"BASE","rewardType":"NEW_PRICE","threshold":1,"limit":0,"multiProducts":false,"cardDependencyFlag":false,"bestPromotion":true,"comparativePrice":{"pricePerUnit":177,"unitQuantity":100,"unitQuantityUom":"g","measureDescription":"100g"}}],"facets":[{"itemCode":"00020012","itemDescription":"Non-GMO"}],"categoryTrees":[{"level0":"Frozen","level1":"Frozen Pizza & Ready Meals","level2":"Frozen Ready Meals"},{"level0":"Snacks, Treats & Easy Meals","level1":"Easy Meals & Meal Kits","level2":"Heat & Eat Ready Meals"}],"cateredFlag":false,"algoliaAnalytics":{"searchQueryID":"7ee82c1aa5a2bdbec53c5d267074bb76","searchPosition":960},"boughtBefore":false},{"productId":"5010273-EA-000","brand":"Pop'n'Good","name":"Caramel Flavoured Popcorn","displayName":"150g","availability":["IN_STORE","ONLINE"],"saleType":"UNITS","restrictedFlag":false,"liquorFlag":false,"tobaccoFlag":false,"originRegulated":false,"singlePrice":{"price":289,"comparativePrice":{"pricePerUnit":193,"unitQuantity":100,"unitQuantityUom":"g","measureDescription":"100g"}},"facets":[{"itemCode":"00020007","itemDescription":"Dairy Free"},{"itemCode":"00020012","itemDescription":"Non-GMO"},{"itemCode":"00020004","itemDescription":"Gluten Free"}],"categoryTrees":[{"level0":"Snacks, Treats & Easy Meals","level1":"Chips, Nuts & Snacks","level2":"Popcorn"},{"level0":"Pantry","level1":"Chips, Nuts & Snacks","level2":"Popcorn"}],"cateredFlag":false,"algoliaAnalytics":{"searchQueryID":"7ee82c1aa5a2bdbec53c5d267074bb76","searchPosition":961},"boughtBefore":false},{"productId":"5017422-EA-000","brand":"Anchor","name":"Original Soft Light Spreadable Dairy Blend","displayName":"500g","availability":["IN_STORE","ONLINE"],"saleType":"UNITS","restrictedFlag":false,"liquorFlag":false,"tobaccoFlag":false,"originRegulated":false,"singlePrice":{"price":659,"promoId":"129963861","comparativePrice":{"pricePerUnit":132,"unitQuantity":100,"unitQuantityUom":"g","measureDescription":"100g"}},"promotions":[{"promoId":"129963861","rewardValue":659,"decal":"6000","sapType":"BASE","rewardType":"NEW_PRICE","threshold":1,"limit":0,"multiProducts":false,"cardDependencyFlag":false,"bestPromotion":true,"comparativePrice":{"pricePerUnit":132,"unitQuantity":100,"unitQuantityUom":"g","measureDescription":"100g"}}],"facets":[{"itemCode":"00020012","itemDescription":"Non-GMO"}],"categoryTrees":[{"level0":"Fridge, Deli & Eggs","level1":"Butter & Margarine","level2":"Margarine & Spreads"}],"cateredFlag":false,"algoliaAnalytics":{"searchQueryID":"7ee82c1aa5a2bdbec53c5d267074bb76","searchPosition":962},"boughtBefore":false},{"productId":"5042072-EA-000","brand":"Mama San","name":"Shelled Edamame Soybeans","displayName":"454g","availability":["IN_STORE","ONLINE"],"saleType":"UNITS","restrictedFlag":false,"liquorFlag":false,"tobaccoFlag":false,"originRegulated":true,"originStatement":"Product of China","singlePrice":{"price":379,"comparativePrice":{"pricePerUnit":835,"unitQuantity":1,"unitQuantityUom":"kg","measureDescription":"1kg"}},"facets":[{"itemCode":"00020012","itemDescription":"Non-GMO"}],"categoryTrees":[{"level0":"Frozen","level1":"Frozen Vegetables","level2":"Frozen Peas, Corn & Beans"}],"cateredFlag":false,"algoliaAnalytics":{"searchQueryID":"7ee82c1aa5a2bdbec53c5d267074bb76","searchPosition":963},"boughtBefore":false},{"productId":"5012668-EA-000","brand":"Ethics","name":"Paracetamol Tablets","displayName":"20pk","availability":["IN_STORE","ONLINE"],"saleType":"UNITS","restrictedFlag":false,"liquorFlag":false,"tobaccoFlag":false,"originRegulated":false,"singlePrice":{"price":199,"promoId":"129854098","comparativePrice":{"pricePerUnit":10,"unitQuantity":1,"unitQuantityUom":"ea","measureDescription":"ea"}},"promotions":[{"promoId":"129854098","rewardValue":199,"decal":"7000","sapType":"BASE","rewardType":"NEW_PRICE","threshold":1,"limit":0,"multiProducts":false,"cardDependencyFlag":false,"bestPromotion":true,"comparativePrice":{"pricePerUnit":10,"unitQuantity":1,"unitQuantityUom":"ea","measureDescription":"ea"}}],"categoryTrees":[{"level0":"Health & Body","level1":"Medical & First Aid","level2":"Pain Relief"}],"cateredFlag":false,"algoliaAnalytics":{"searchQueryID":"7ee82c1aa5a2bdbec53c5d267074bb76","searchPosition":964},"boughtBefore":false},{"productId":"5005758-EA-000","brand":"Obento","name":"Panko Bread Crumbs","displayName":"200g","availability":["IN_STORE","ONLINE"],"saleType":"UNITS","restrictedFlag":false,"liquorFlag":false,"tobaccoFlag":false,"originRegulated":false,"singlePrice":{"price":299,"comparativePrice":{"pricePerUnit":150,"unitQuantity":100,"unitQuantityUom":"g","measureDescription":"100g"}},"categoryTrees":[{"level0":"Pantry","level1":"Spices, Seasoning & Coatings","level2":"Breadcrumbs, Coatings & Stuffings"}],"cateredFlag":false,"algoliaAnalytics":{"searchQueryID":"7ee82c1aa5a2bdbec53c5d267074bb76","searchPosition":965},"boughtBefore":false},{"productId":"5100748-EA-000","brand":"Chicago","name":"Meatlovers Mini Pizza","displayName":"150g","availability":["IN_STORE","ONLINE"],"saleType":"UNITS","restrictedFlag":false,"liquorFlag":false,"tobaccoFlag":false,"originRegulated":false,"singlePrice":{"price":169,"promoId":"129965886","comparativePrice":{"pricePerUnit":113,"unitQuantity":100,"unitQuantityUom":"g","measureDescription":"100g"}},"promotions":[{"promoId":"129965886","rewardValue":169,"decal":"6000","sapType":"BASE","rewardType":"NEW_PRICE","threshold":1,"limit":0,"multiProducts":false,"cardDependencyFlag":false,"bestPromotion":true,"comparativePrice":{"pricePerUnit":113,"unitQuantity":100,"unitQuantityUom":"g","measureDescription":"100g"}}],"categoryTrees":[{"level0":"Frozen","level1":"Frozen Pizza & Ready Meals","level2":"Frozen Pizza"},{"level0":"Snacks, Treats & Easy Meals","level1":"Easy Meals & Meal Kits","level2":"Pizza"}],"cateredFlag":false,"algoliaAnalytics":{"searchQueryID":"7ee82c1aa5a2bdbec53c5d267074bb76","searchPosition":966},"boughtBefore":false},{"productId":"5014363-EA-000","brand":"Kleenex","name":"Eucalyptus Facial Tissues","displayName":"140pk","availability":["IN_STORE","ONLINE"],"saleType":"UNITS","restrictedFlag":false,"liquorFlag":false,"tobaccoFlag":false,"originRegulated":false,"singlePrice":{"price":409,"comparativePrice":{"pricePerUnit":292,"unitQuantity":100,"unitQuantityUom":" ","measureDescription":"100"}},"categoryTrees":[{"level0":"Health & Body","level1":"Tissues & Cotton Wool","level2":"Tissues"},{"level0":"Household & Cleaning","level1":"Toilet Paper, Tissues & Paper Towels","level2":"Tissues"}],"cateredFlag":false,"algoliaAnalytics":{"searchQueryID":"7ee82c1aa5a2bdbec53c5d267074bb76","searchPosition":967},"boughtBefore":false},{"productId":"5003069-EA-000","brand":"Libra","name":"Extra Goodnights Pads With Wings","displayName":"10pk","availability":["IN_STORE","ONLINE"],"saleType":"UNITS","restrictedFlag":false,"liquorFlag":false,"tobaccoFlag":false,"originRegulated":false,"singlePrice":{"price":559,"comparativePrice":{"pricePerUnit":56,"unitQuantity":1,"unitQuantityUom":"ea","measureDescription":"ea"}},"categoryTrees":[{"level0":"Health & Body","level1":"Period & Continence Care","level2":"Pads"}],"cateredFlag":false,"algoliaAnalytics":{"searchQueryID":"7ee82c1aa5a2bdbec53c5d267074bb76","searchPosition":968},"boughtBefore":false},{"productId":"5249821-EA-000","brand":"Vitasport","name":"Electrolyte Rehydration Active Blue Electrolyte Drink Base","displayName":"3 x 33g","availability":["IN_STORE","ONLINE"],"saleType":"UNITS","restrictedFlag":false,"liquorFlag":false,"tobaccoFlag":false,"originRegulated":false,"singlePrice":{"price":199,"promoId":"129965519","comparativePrice":{"pricePerUnit":201,"unitQuantity":100,"unitQuantityUom":"g","measureDescription":"100g"}},"promotions":[{"promoId":"129965519","rewardValue":199,"decal":"6000","sapType":"BASE","rewardType":"NEW_PRICE","threshold":1,"limit":0,"multiProducts":false,"cardDependencyFlag":false,"bestPromotion":true,"comparativePrice":{"pricePerUnit":201,"unitQuantity":100,"unitQuantityUom":"g","measureDescription":"100g"}}],"categoryTrees":[{"level0":"Health & Body","level1":"Sports Nutrition & Weight Management","level2":"Sports Supplements"}],"cateredFlag":false,"algoliaAnalytics":{"searchQueryID":"7ee82c1aa5a2bdbec53c5d267074bb76","searchPosition":969},"boughtBefore":false},{"productId":"5031604-EA-000","brand":"Much Moore","name":"Marvels Neapolitan Frozen Dessert","displayName":"2l","availability":["IN_STORE","ONLINE"],"saleType":"UNITS","restrictedFlag":false,"liquorFlag":false,"tobaccoFlag":false,"originRegulated":false,"singlePrice":{"price":429,"promoId":"130056112","comparativePrice":{"pricePerUnit":21,"unitQuantity":100,"unitQuantityUom":"ml","measureDescription":"100ml"}},"promotions":[{"promoId":"130056112","rewardValue":429,"decal":"6000","sapType":"BASE","rewardType":"NEW_PRICE","threshold":1,"limit":0,"multiProducts":false,"cardDependencyFlag":false,"bestPromotion":true,"comparativePrice":{"pricePerUnit":21,"unitQuantity":100,"unitQuantityUom":"ml","measureDescription":"100ml"}}],"facets":[{"itemCode":"00020012","itemDescription":"Non-GMO"}],"categoryTrees":[{"level0":"Frozen","level1":"Ice Cream & Sorbet","level2":"Ice Cream Tubs"}],"cateredFlag":false,"algoliaAnalytics":{"searchQueryID":"7ee82c1aa5a2bdbec53c5d267074bb76","searchPosition":970},"boughtBefore":false},{"productId":"5026455-EA-000","brand":"Lee Kum Kee","name":"Ready Sauce For Teriyaki Beef","displayName":"100g","availability":["IN_STORE","ONLINE"],"saleType":"UNITS","restrictedFlag":false,"liquorFlag":false,"tobaccoFlag":false,"originRegulated":false,"singlePrice":{"price":229,"comparativePrice":{"pricePerUnit":229,"unitQuantity":100,"unitQuantityUom":"g","measureDescription":"100g"}},"facets":[{"itemCode":"00020004","itemDescription":"Gluten Free"}],"categoryTrees":[{"level0":"Pantry","level1":"Cooking Sauces, Stocks & Marinades","level2":"Stir-Fry Sauce"},{"level0":"Pantry","level1":"Cooking Sauces, Stocks & Marinades","level2":"Simmer Sauce"},{"level0":"Pantry","level1":"World Foods","level2":"Chinese"}],"cateredFlag":false,"algoliaAnalytics":{"searchQueryID":"7ee82c1aa5a2bdbec53c5d267074bb76","searchPosition":971},"boughtBefore":false},{"productId":"5009887-EA-000","brand":"Continental","name":"Original Cream Of Chicken Cup a Soup","displayName":"4 x 18.8g","availability":["IN_STORE","ONLINE"],"saleType":"UNITS","restrictedFlag":false,"liquorFlag":false,"tobaccoFlag":false,"originRegulated":false,"singlePrice":{"price":279,"comparativePrice":{"pricePerUnit":372,"unitQuantity":100,"unitQuantityUom":"g","measureDescription":"100g"}},"facets":[{"itemCode":"00020012","itemDescription":"Non-GMO"},{"itemCode":"00020009","itemDescription":"Low Fat"}],"categoryTrees":[{"level0":"Pantry","level1":"Canned Foods & Packets","level2":"Canned & Packet Soup"}],"cateredFlag":false,"algoliaAnalytics":{"searchQueryID":"7ee82c1aa5a2bdbec53c5d267074bb76","searchPosition":972},"boughtBefore":false},{"productId":"5021111-EA-000","brand":"Philadelphia","name":"Sweet Chilli Cream Cheese","displayName":"250g","availability":["IN_STORE","ONLINE"],"saleType":"UNITS","restrictedFlag":false,"liquorFlag":false,"tobaccoFlag":false,"originRegulated":false,"singlePrice":{"price":529,"comparativePrice":{"pricePerUnit":212,"unitQuantity":100,"unitQuantityUom":"g","measureDescription":"100g"}},"facets":[{"itemCode":"00020004","itemDescription":"Gluten Free"},{"itemCode":"00020012","itemDescription":"Non-GMO"}],"categoryTrees":[{"level0":"Fridge, Deli & Eggs","level1":"Cheese","level2":"Cream Cheese & Cottage Cheese"}],"cateredFlag":false,"algoliaAnalytics":{"searchQueryID":"7ee82c1aa5a2bdbec53c5d267074bb76","searchPosition":973},"boughtBefore":false},{"productId":"5004591-EA-000","brand":"Best Foods","name":"Lite Mayonnaise","displayName":"435g","availability":["IN_STORE","ONLINE"],"saleType":"UNITS","restrictedFlag":false,"liquorFlag":false,"tobaccoFlag":false,"originRegulated":false,"singlePrice":{"price":629,"comparativePrice":{"pricePerUnit":145,"unitQuantity":100,"unitQuantityUom":"g","measureDescription":"100g"}},"facets":[{"itemCode":"00020012","itemDescription":"Non-GMO"},{"itemCode":"00020006","itemDescription":"Cage Free"}],"categoryTrees":[{"level0":"Pantry","level1":"Table Sauces, Dressings & Condiments","level2":"Mayonnaise"}],"cateredFlag":false,"algoliaAnalytics":{"searchQueryID":"7ee82c1aa5a2bdbec53c5d267074bb76","searchPosition":974},"boughtBefore":false},{"productId":"5278567-EA-000","name":"BBQ Rice Crackers Refill Pack","displayName":"300g","availability":["IN_STORE","ONLINE"],"saleType":"UNITS","restrictedFlag":false,"liquorFlag":false,"tobaccoFlag":false,"originRegulated":false,"singlePrice":{"price":500,"promoId":"129969535","comparativePrice":{"pricePerUnit":167,"unitQuantity":100,"unitQuantityUom":"g","measureDescription":"100g"}},"promotions":[{"promoId":"129969535","rewardValue":500,"decal":"6000","sapType":"BASE","rewardType":"NEW_PRICE","threshold":1,"limit":0,"multiProducts":false,"cardDependencyFlag":false,"bestPromotion":true,"comparativePrice":{"pricePerUnit":167,"unitQuantity":100,"unitQuantityUom":"g","measureDescription":"100g"}}],"categoryTrees":[{"level0":"Pantry","level1":"Bulk Foods","level2":"Bulk Snacks & Mixes"}],"cateredFlag":false,"algoliaAnalytics":{"searchQueryID":"7ee82c1aa5a2bdbec53c5d267074bb76","searchPosition":975},"boughtBefore":false},{"productId":"5004863-EA-000","brand":"Pams","name":"Original Rice Cakes","displayName":"128g","availability":["IN_STORE","ONLINE"],"saleType":"UNITS","restrictedFlag":false,"liquorFlag":false,"tobaccoFlag":false,"originRegulated":false,"singlePrice":{"price":239,"comparativePrice":{"pricePerUnit":187,"unitQuantity":100,"unitQuantityUom":"g","measureDescription":"100g"}},"facets":[{"itemCode":"00020004","itemDescription":"Gluten Free"},{"itemCode":"00020012","itemDescription":"Non-GMO"}],"categoryTrees":[{"level0":"Pantry","level1":"Biscuits & Crackers","level2":"Rice Cakes & Crispbread"}],"cateredFlag":false,"algoliaAnalytics":{"searchQueryID":"7ee82c1aa5a2bdbec53c5d267074bb76","searchPosition":976},"boughtBefore":false},{"productId":"5020425-EA-000","brand":"McCain","name":"Corn Kernels","displayName":"500g","availability":["IN_STORE","ONLINE"],"saleType":"UNITS","restrictedFlag":false,"liquorFlag":false,"tobaccoFlag":false,"originRegulated":true,"originStatement":"Product of New Zealand","singlePrice":{"price":359,"comparativePrice":{"pricePerUnit":718,"unitQuantity":1,"unitQuantityUom":"kg","measureDescription":"1kg"}},"facets":[{"itemCode":"00020012","itemDescription":"Non-GMO"},{"itemCode":"00020007","itemDescription":"Dairy Free"},{"itemCode":"00020002","itemDescription":"Halal"}],"categoryTrees":[{"level0":"Frozen","level1":"Frozen Vegetables","level2":"Frozen Peas, Corn & Beans"}],"cateredFlag":false,"algoliaAnalytics":{"searchQueryID":"7ee82c1aa5a2bdbec53c5d267074bb76","searchPosition":977},"boughtBefore":false},{"productId":"5285119-EA-000","brand":"Arnott's Farmbake","name":"Peanut Brownie Biscuits","displayName":"310g","availability":["IN_STORE","ONLINE"],"saleType":"UNITS","restrictedFlag":false,"liquorFlag":false,"tobaccoFlag":false,"originRegulated":false,"singlePrice":{"price":339,"comparativePrice":{"pricePerUnit":109,"unitQuantity":100,"unitQuantityUom":"g","measureDescription":"100g"}},"facets":[{"itemCode":"00020012","itemDescription":"Non-GMO"}],"categoryTrees":[{"level0":"Pantry","level1":"Biscuits & Crackers","level2":"Chocolate Biscuits & Cookies"}],"cateredFlag":false,"algoliaAnalytics":{"searchQueryID":"7ee82c1aa5a2bdbec53c5d267074bb76","searchPosition":978},"boughtBefore":false},{"productId":"5008942-EA-000","brand":"Proper Crisps","name":"Marlborough Sea Salt Potato Crisps","displayName":"150g","availability":["IN_STORE","ONLINE"],"saleType":"UNITS","restrictedFlag":false,"liquorFlag":false,"tobaccoFlag":false,"originRegulated":false,"singlePrice":{"price":499,"comparativePrice":{"pricePerUnit":333,"unitQuantity":100,"unitQuantityUom":"g","measureDescription":"100g"}},"facets":[{"itemCode":"00020014","itemDescription":"Vegetarian"},{"itemCode":"00020009","itemDescription":"Low Fat"},{"itemCode":"00020003","itemDescription":"Free Range"},{"itemCode":"00020004","itemDescription":"Gluten Free"},{"itemCode":"00020002","itemDescription":"Halal"},{"itemCode":"00020012","itemDescription":"Non-GMO"},{"itemCode":"00020007","itemDescription":"Dairy Free"},{"itemCode":"00020013","itemDescription":"Vegan"}],"categoryTrees":[{"level0":"Snacks, Treats & Easy Meals","level1":"Chips, Nuts & Snacks","level2":"Chips"},{"level0":"Pantry","level1":"Chips, Nuts & Snacks","level2":"Chips"}],"cateredFlag":false,"algoliaAnalytics":{"searchQueryID":"7ee82c1aa5a2bdbec53c5d267074bb76","searchPosition":979},"boughtBefore":false},{"productId":"5045719-EA-000","brand":"Longkou","name":"Vermicelli","displayName":"250g","availability":["IN_STORE","ONLINE"],"saleType":"UNITS","restrictedFlag":false,"liquorFlag":false,"tobaccoFlag":false,"originRegulated":false,"singlePrice":{"price":279,"comparativePrice":{"pricePerUnit":112,"unitQuantity":100,"unitQuantityUom":"g","measureDescription":"100g"}},"categoryTrees":[{"level0":"Pantry","level1":"Pasta, Rice & Noodles","level2":"Udon, Egg & Other Noodles"}],"cateredFlag":false,"algoliaAnalytics":{"searchQueryID":"7ee82c1aa5a2bdbec53c5d267074bb76","searchPosition":980},"boughtBefore":false},{"productId":"5034760-EA-000","brand":"Bluebird","name":"Thinly Cut Sour Cream & Chives Potato Chips","displayName":"140g","availability":["IN_STORE","ONLINE"],"saleType":"UNITS","restrictedFlag":false,"liquorFlag":false,"tobaccoFlag":false,"originRegulated":false,"singlePrice":{"price":219,"comparativePrice":{"pricePerUnit":156,"unitQuantity":100,"unitQuantityUom":"g","measureDescription":"100g"}},"facets":[{"itemCode":"00020012","itemDescription":"Non-GMO"},{"itemCode":"00020014","itemDescription":"Vegetarian"}],"categoryTrees":[{"level0":"Snacks, Treats & Easy Meals","level1":"Chips, Nuts & Snacks","level2":"Chips"},{"level0":"Pantry","level1":"Chips, Nuts & Snacks","level2":"Chips"}],"cateredFlag":false,"algoliaAnalytics":{"searchQueryID":"7ee82c1aa5a2bdbec53c5d267074bb76","searchPosition":981},"boughtBefore":false},{"productId":"5035702-EA-000","brand":"Alpro","name":"Barista For Professionals Coconut Milk","displayName":"1l","availability":["IN_STORE","ONLINE"],"saleType":"UNITS","restrictedFlag":false,"liquorFlag":false,"tobaccoFlag":false,"originRegulated":false,"singlePrice":{"price":449,"promoId":"129993940","comparativePrice":{"pricePerUnit":449,"unitQuantity":1,"unitQuantityUom":"L","measureDescription":"1L"}},"promotions":[{"promoId":"129993940","rewardValue":449,"decal":"6000","sapType":"BASE","rewardType":"NEW_PRICE","threshold":1,"limit":0,"multiProducts":false,"cardDependencyFlag":false,"bestPromotion":true,"comparativePrice":{"pricePerUnit":449,"unitQuantity":1,"unitQuantityUom":"L","measureDescription":"1L"}}],"categoryTrees":[{"level0":"Pantry","level1":"Long Life & Dairy Free Milk","level2":"Nut Milk"}],"cateredFlag":false,"algoliaAnalytics":{"searchQueryID":"7ee82c1aa5a2bdbec53c5d267074bb76","searchPosition":982},"boughtBefore":false},{"productId":"5011663-EA-000","brand":"Fantastic","name":"Chicken Flavour 2 Minute Noodles","displayName":"850g","availability":["IN_STORE","ONLINE"],"saleType":"UNITS","restrictedFlag":false,"liquorFlag":false,"tobaccoFlag":false,"originRegulated":false,"singlePrice":{"price":619,"comparativePrice":{"pricePerUnit":73,"unitQuantity":100,"unitQuantityUom":"g","measureDescription":"100g"}},"facets":[{"itemCode":"00020012","itemDescription":"Non-GMO"}],"categoryTrees":[{"level0":"Pantry","level1":"Pasta, Rice & Noodles","level2":"Instant Noodles"},{"level0":"Snacks, Treats & Easy Meals","level1":"Ready to Eat","level2":"Instant Rice & Noodle Meals"}],"cateredFlag":false,"algoliaAnalytics":{"searchQueryID":"7ee82c1aa5a2bdbec53c5d267074bb76","searchPosition":983},"boughtBefore":false},{"productId":"5212929-EA-000","brand":"Pams","name":"Double Cheese Flavoured Corn Chips","displayName":"170g","availability":["IN_STORE","ONLINE"],"saleType":"UNITS","restrictedFlag":false,"liquorFlag":false,"tobaccoFlag":false,"originRegulated":false,"singlePrice":{"price":219,"comparativePrice":{"pricePerUnit":129,"unitQuantity":100,"unitQuantityUom":"g","measureDescription":"100g"}},"facets":[{"itemCode":"00020004","itemDescription":"Gluten Free"},{"itemCode":"00020012","itemDescription":"Non-GMO"}],"categoryTrees":[{"level0":"Snacks, Treats & Easy Meals","level1":"Chips, Nuts & Snacks","level2":"Corn Chips & Salsa"},{"level0":"Pantry","level1":"Chips, Nuts & Snacks","level2":"Corn Chips & Salsa"}],"cateredFlag":false,"algoliaAnalytics":{"searchQueryID":"7ee82c1aa5a2bdbec53c5d267074bb76","searchPosition":984},"boughtBefore":false},{"productId":"5280130-EA-000","brand":"Samyang","name":"Buldak Carbonara Hot Chicken Ramen Noodles","displayName":"5 x 130g","availability":["IN_STORE","ONLINE"],"saleType":"UNITS","restrictedFlag":false,"liquorFlag":false,"tobaccoFlag":false,"originRegulated":false,"singlePrice":{"price":1049,"comparativePrice":{"pricePerUnit":161,"unitQuantity":100,"unitQuantityUom":"g","measureDescription":"100g"}},"facets":[{"itemCode":"00020002","itemDescription":"Halal"}],"categoryTrees":[{"level0":"Pantry","level1":"Pasta, Rice & Noodles","level2":"Instant Noodles"},{"level0":"Snacks, Treats & Easy Meals","level1":"Ready to Eat","level2":"Instant Rice & Noodle Meals"}],"cateredFlag":false,"algoliaAnalytics":{"searchQueryID":"7ee82c1aa5a2bdbec53c5d267074bb76","searchPosition":985},"boughtBefore":false},{"productId":"5026185-EA-000","brand":"Mainland","name":"Tasty Aged Cheddar Cheese","displayName":"700g","availability":["IN_STORE","ONLINE"],"saleType":"UNITS","restrictedFlag":false,"liquorFlag":false,"tobaccoFlag":false,"originRegulated":false,"singlePrice":{"price":1539,"comparativePrice":{"pricePerUnit":220,"unitQuantity":100,"unitQuantityUom":"g","measureDescription":"100g"}},"facets":[{"itemCode":"00020012","itemDescription":"Non-GMO"}],"categoryTrees":[{"level0":"Fridge, Deli & Eggs","level1":"Cheese","level2":"Everyday Cheese Blocks"}],"cateredFlag":false,"algoliaAnalytics":{"searchQueryID":"7ee82c1aa5a2bdbec53c5d267074bb76","searchPosition":986},"boughtBefore":false},{"productId":"5007440-EA-000","brand":"V","name":"Zero Sugar Original Guarana Energy Drink","displayName":"500ml","availability":["IN_STORE","ONLINE"],"saleType":"UNITS","restrictedFlag":false,"liquorFlag":false,"tobaccoFlag":false,"originRegulated":false,"singlePrice":{"price":389,"comparativePrice":{"pricePerUnit":778,"unitQuantity":1,"unitQuantityUom":"L","measureDescription":"1L"}},"promotions":[{"promoId":"130053812","rewardValue":500,"decal":"6000","sapType":"LAYERED","rewardType":"NEW_PRICE","threshold":2,"multiProducts":true,"cardDependencyFlag":false,"bestPromotion":true,"comparativePrice":{"pricePerUnit":500,"unitQuantity":1,"unitQuantityUom":"L","measureDescription":"1L"}}],"facets":[{"itemCode":"00020012","itemDescription":"Non-GMO"},{"itemCode":"00020011","itemDescription":"Low Sugar"}],"categoryTrees":[{"level0":"Hot & Cold Drinks","level1":"Sports & Energy Drinks","level2":"Energy Drinks"}],"cateredFlag":false,"algoliaAnalytics":{"searchQueryID":"7ee82c1aa5a2bdbec53c5d267074bb76","searchPosition":987},"boughtBefore":false},{"productId":"5004977-EA-000","brand":"Pams","name":"Sweet Thai Chilli Tuna","displayName":"185g","availability":["IN_STORE","ONLINE"],"saleType":"UNITS","restrictedFlag":false,"liquorFlag":false,"tobaccoFlag":false,"originRegulated":false,"singlePrice":{"price":239,"comparativePrice":{"pricePerUnit":1292,"unitQuantity":1,"unitQuantityUom":"kg","measureDescription":"1kg"}},"facets":[{"itemCode":"00020004","itemDescription":"Gluten Free"},{"itemCode":"00020012","itemDescription":"Non-GMO"}],"categoryTrees":[{"level0":"Pantry","level1":"Canned Foods & Packets","level2":"Canned Tuna"},{"level0":"Featured","level1":"Pams","level2":"Canned & Prepared Foods"}],"cateredFlag":false,"algoliaAnalytics":{"searchQueryID":"7ee82c1aa5a2bdbec53c5d267074bb76","searchPosition":988},"boughtBefore":false},{"productId":"5002395-EA-000","brand":"L&P","name":"Zero Sugar Soft Drink","displayName":"1.5l","availability":["IN_STORE","ONLINE"],"saleType":"UNITS","restrictedFlag":false,"liquorFlag":false,"tobaccoFlag":false,"originRegulated":false,"singlePrice":{"price":150,"comparativePrice":{"pricePerUnit":100,"unitQuantity":1,"unitQuantityUom":"L","measureDescription":"1L"}},"facets":[{"itemCode":"00020011","itemDescription":"Low Sugar"},{"itemCode":"00020012","itemDescription":"Non-GMO"}],"categoryTrees":[{"level0":"Hot & Cold Drinks","level1":"Soft Drinks & Mixers","level2":"Other Soft Drinks"},{"level0":"Hot & Cold Drinks","level1":"Soft Drinks & Mixers","level2":"Diet & Zero Sugar Soft Drinks"}],"cateredFlag":false,"algoliaAnalytics":{"searchQueryID":"7ee82c1aa5a2bdbec53c5d267074bb76","searchPosition":989},"boughtBefore":false},{"productId":"5010649-EA-000","brand":"Maggi","name":"Roast Chicken Flavoured Gravy Mix","displayName":"24g","availability":["IN_STORE","ONLINE"],"saleType":"UNITS","restrictedFlag":false,"liquorFlag":false,"tobaccoFlag":false,"originRegulated":false,"singlePrice":{"price":119,"comparativePrice":{"pricePerUnit":50,"unitQuantity":10,"unitQuantityUom":"g","measureDescription":"10g"}},"categoryTrees":[{"level0":"Pantry","level1":"Cooking Sauces, Stocks & Marinades","level2":"Gravy"}],"cateredFlag":false,"algoliaAnalytics":{"searchQueryID":"7ee82c1aa5a2bdbec53c5d267074bb76","searchPosition":990},"boughtBefore":false},{"productId":"5251116-EA-000","brand":"Arnott's Cracker Chips","name":"Honey Soy Chicken Cracker Chips","displayName":"150g","availability":["IN_STORE","ONLINE"],"saleType":"UNITS","restrictedFlag":false,"liquorFlag":false,"tobaccoFlag":false,"originRegulated":false,"singlePrice":{"price":379,"comparativePrice":{"pricePerUnit":253,"unitQuantity":100,"unitQuantityUom":"g","measureDescription":"100g"}},"facets":[{"itemCode":"00020012","itemDescription":"Non-GMO"}],"categoryTrees":[{"level0":"Pantry","level1":"Biscuits & Crackers","level2":"Crackers"}],"cateredFlag":false,"algoliaAnalytics":{"searchQueryID":"7ee82c1aa5a2bdbec53c5d267074bb76","searchPosition":991},"boughtBefore":false},{"productId":"5001417-EA-000","brand":"Nutella","name":"Hazelnut Spread","displayName":"750g","availability":["IN_STORE","ONLINE"],"saleType":"UNITS","restrictedFlag":false,"liquorFlag":false,"tobaccoFlag":false,"originRegulated":false,"singlePrice":{"price":1299,"comparativePrice":{"pricePerUnit":173,"unitQuantity":100,"unitQuantityUom":"g","measureDescription":"100g"}},"facets":[{"itemCode":"00020004","itemDescription":"Gluten Free"}],"categoryTrees":[{"level0":"Pantry","level1":"Jams, Honey & Spreads","level2":"Chocolate & Sweet Spreads"}],"cateredFlag":false,"algoliaAnalytics":{"searchQueryID":"7ee82c1aa5a2bdbec53c5d267074bb76","searchPosition":992},"boughtBefore":false},{"productId":"5010455-EA-000","brand":"Arnott's","name":"Original Water Crackers","displayName":"125g","availability":["IN_STORE","ONLINE"],"saleType":"UNITS","restrictedFlag":false,"liquorFlag":false,"tobaccoFlag":false,"originRegulated":false,"singlePrice":{"price":199,"comparativePrice":{"pricePerUnit":159,"unitQuantity":100,"unitQuantityUom":"g","measureDescription":"100g"}},"facets":[{"itemCode":"00020012","itemDescription":"Non-GMO"}],"categoryTrees":[{"level0":"Pantry","level1":"Biscuits & Crackers","level2":"Crackers"},{"level0":"Featured","level1":"Back to School","level2":"Lunchbox Snacks","webContent":{"badgeSmallUrl":"","badgeMediumUrl":"","badgeLargeUrl":"","title":"","subTitle":"","campaignUrl":""},"appContent":{"badgeSmallUrl":"","badgeMediumUrl":"","badgeLargeUrl":"","title":"","subTitle":"","campaignUrl":""}}],"cateredFlag":false,"algoliaAnalytics":{"searchQueryID":"7ee82c1aa5a2bdbec53c5d267074bb76","searchPosition":993},"boughtBefore":false},{"productId":"5012580-EA-000","brand":"Flora","name":"Buttery Spread","displayName":"500g","availability":["IN_STORE","ONLINE"],"saleType":"UNITS","restrictedFlag":false,"liquorFlag":false,"tobaccoFlag":false,"originRegulated":false,"singlePrice":{"price":429,"comparativePrice":{"pricePerUnit":86,"unitQuantity":100,"unitQuantityUom":"g","measureDescription":"100g"}},"facets":[{"itemCode":"00020012","itemDescription":"Non-GMO"}],"categoryTrees":[{"level0":"Fridge, Deli & Eggs","level1":"Butter & Margarine","level2":"Margarine & Spreads"}],"cateredFlag":false,"algoliaAnalytics":{"searchQueryID":"7ee82c1aa5a2bdbec53c5d267074bb76","searchPosition":994},"boughtBefore":false},{"productId":"5016706-EA-000","brand":"Mainland","name":"Grated Parmesan Cheese","displayName":"200g","availability":["IN_STORE","ONLINE"],"saleType":"UNITS","restrictedFlag":false,"liquorFlag":false,"tobaccoFlag":false,"originRegulated":false,"singlePrice":{"price":1029,"comparativePrice":{"pricePerUnit":515,"unitQuantity":100,"unitQuantityUom":"g","measureDescription":"100g"}},"facets":[{"itemCode":"00020012","itemDescription":"Non-GMO"}],"categoryTrees":[{"level0":"Fridge, Deli & Eggs","level1":"Cheese","level2":"Halloumi, Mozzarella & Parmesan"},{"level0":"Fridge, Deli & Eggs","level1":"Cheese","level2":"Grated Cheese"}],"cateredFlag":false,"algoliaAnalytics":{"searchQueryID":"7ee82c1aa5a2bdbec53c5d267074bb76","searchPosition":995},"boughtBefore":false},{"productId":"5106357-KGM-000","brand":"Hellers","name":"Honey Baked Ham","displayName":"kg","availability":["IN_STORE","ONLINE"],"saleType":"WEIGHT","restrictedFlag":false,"liquorFlag":false,"tobaccoFlag":false,"originRegulated":true,"originStatement":"Made in New Zealand with pork from one or more of the following countries: Canada, USA, Denmark, Germany, Spain plus other local and imported ingredients","variableWeight":{"minOrderQuantity":1000,"stepSize":100,"stepUnitOfMeasure":"g"},"singlePrice":{"price":1849,"comparativePrice":{"pricePerUnit":1849,"unitQuantity":1,"unitQuantityUom":"kg","measureDescription":"1kg"}},"facets":[{"itemCode":"00020012","itemDescription":"Non-GMO"}],"categoryTrees":[{"level0":"Fridge, Deli & Eggs","level1":"Deli Meats & Smoked Fish","level2":"Ham & Pork Slices"},{"level0":"Meat, Poultry & Seafood","level1":"Deli Meats","level2":"Ham & Pork Slices"}],"cateredFlag":false,"algoliaAnalytics":{"searchQueryID":"7ee82c1aa5a2bdbec53c5d267074bb76","searchPosition":996},"boughtBefore":false},{"productId":"5121946-EA-000","name":"Plain White Rolls","displayName":"6pk","availability":["IN_STORE","ONLINE"],"saleType":"UNITS","restrictedFlag":false,"liquorFlag":false,"tobaccoFlag":false,"originRegulated":false,"singlePrice":{"price":369,"comparativePrice":{"pricePerUnit":62,"unitQuantity":1,"unitQuantityUom":"ea","measureDescription":"ea"}},"categoryTrees":[{"level0":"Bakery","level1":"In-Store Bakery","level2":"Fresh Bread Rolls & Buns"},{"level0":"Featured","level1":"Back to School","level2":"Back to School Lunches","webContent":{"badgeSmallUrl":"","badgeMediumUrl":"","badgeLargeUrl":"","title":"","subTitle":"","campaignUrl":""},"appContent":{"badgeSmallUrl":"","badgeMediumUrl":"","badgeLargeUrl":"","title":"","subTitle":"","campaignUrl":""}}],"cateredFlag":false,"algoliaAnalytics":{"searchQueryID":"7ee82c1aa5a2bdbec53c5d267074bb76","searchPosition":997},"boughtBefore":false},{"productId":"5241208-EA-000","brand":"Hellers","name":"Shaved Honey Baked Ham","displayName":"200g","availability":["IN_STORE","ONLINE"],"saleType":"UNITS","restrictedFlag":false,"liquorFlag":false,"tobaccoFlag":false,"originRegulated":true,"originStatement":"Made in New Zealand with pork raised in any one or more of the following countries: Canada, Denmark, Germany, Poland, Spain, USA plus other local and imported ingredients.","singlePrice":{"price":579,"comparativePrice":{"pricePerUnit":2895,"unitQuantity":1,"unitQuantityUom":"kg","measureDescription":"1kg"}},"facets":[{"itemCode":"00020004","itemDescription":"Gluten Free"},{"itemCode":"00020009","itemDescription":"Low Fat"},{"itemCode":"00020012","itemDescription":"Non-GMO"}],"categoryTrees":[{"level0":"Fridge, Deli & Eggs","level1":"Deli Meats & Smoked Fish","level2":"Ham & Pork Slices"},{"level0":"Meat, Poultry & Seafood","level1":"Deli Meats","level2":"Ham & Pork Slices"},{"level0":"Featured","level1":"Back to School","level2":"Back to School Lunches","webContent":{"badgeSmallUrl":"","badgeMediumUrl":"","badgeLargeUrl":"","title":"","subTitle":"","campaignUrl":""},"appContent":{"badgeSmallUrl":"","badgeMediumUrl":"","badgeLargeUrl":"","title":"","subTitle":"","campaignUrl":""}}],"cateredFlag":false,"algoliaAnalytics":{"searchQueryID":"7ee82c1aa5a2bdbec53c5d267074bb76","searchPosition":998},"boughtBefore":false},{"productId":"5024963-EA-000","brand":"Sunburst","name":"Orange Nectar","displayName":"2l","availability":["IN_STORE","ONLINE"],"saleType":"UNITS","restrictedFlag":false,"liquorFlag":false,"tobaccoFlag":false,"originRegulated":false,"singlePrice":{"price":425,"promoId":"129891688","comparativePrice":{"pricePerUnit":213,"unitQuantity":1,"unitQuantityUom":"L","measureDescription":"1L"}},"promotions":[{"promoId":"129891688","rewardValue":425,"decal":"7000","sapType":"BASE","rewardType":"NEW_PRICE","threshold":1,"limit":0,"multiProducts":false,"cardDependencyFlag":false,"bestPromotion":true,"comparativePrice":{"pricePerUnit":213,"unitQuantity":1,"unitQuantityUom":"L","measureDescription":"1L"}}],"categoryTrees":[{"level0":"Hot & Cold Drinks","level1":"Juice & Smoothies","level2":"Orange Juice"},{"level0":"Hot & Cold Drinks","level1":"Juice & Smoothies","level2":"Fruit Juice"}],"cateredFlag":false,"algoliaAnalytics":{"searchQueryID":"7ee82c1aa5a2bdbec53c5d267074bb76","searchPosition":999},"boughtBefore":false},{"productId":"5013652-EA-000","brand":"Wattie's","name":"Medium Salsa Chilli Beans","displayName":"420g","availability":["IN_STORE","ONLINE"],"saleType":"UNITS","restrictedFlag":false,"liquorFlag":false,"tobaccoFlag":false,"originRegulated":false,"singlePrice":{"price":319,"comparativePrice":{"pricePerUnit":76,"unitQuantity":100,"unitQuantityUom":"g","measureDescription":"100g"}},"facets":[{"itemCode":"00020009","itemDescription":"Low Fat"},{"itemCode":"00020012","itemDescription":"Non-GMO"}],"categoryTrees":[{"level0":"Pantry","level1":"Canned Foods & Packets","level2":"Chickpeas, Lentils & Beans"}],"cateredFlag":false,"algoliaAnalytics":{"searchQueryID":"7ee82c1aa5a2bdbec53c5d267074bb76","searchPosition":1000},"boughtBefore":false}],"algoliaSearchResult":{"facets":{"brand":{"Pams":809,"Wattie's":155,"Mrs Rogers":111,"Colgate":90,"Anchor":81,"Korbond":81,"Healtheries":80,"Tip Top":72,"Hellers":64,"VitaPet":63,"Gregg's":60,"Value":60,"Ceres Organics":56,"Continental":52,"Dettol":52,"Tasti":52,"Mainland":51,"Griffin's":50,"Maggi":50,"Pams Value":50,"Nivea":49,"Red Seal":49,"Dove":48,"Barker's":47,"Meadow Fresh":47,"Musashi":46,"Huggies":44,"Nestle":43,"Nescafe":41,"Palmolive":40,"McCain":39,"Bic":38,"Masterfoods":37,"Mother Earth":36,"Cadbury":35,"Delmaine":34,"Kellogg's":34,"Heinz":33,"Sealord":33,"Graze":31,"Lewis Road Creamery":31,"Sistema":31,"Whittaker's":31,"Chux":30,"Edmonds":30,"Jed's Coffee Co.":30,"The Collective":30,"Pams Finest":29,"Avalanche":28,"Bundaberg":28,"Energizer":28,"Whiskas":28,"Big Black Sacks":27,"Bluebird":27,"Glow Lab":27,"Kapiti":27,"Palmolive Naturals":27,"Arnott's":26,"Diamond":26,"Fresh To Go":26,"Hubbards":26,"Lindt":26,"Schweppes":26,"Farrah's":25,"Moccona":25,"Old El Paso":25,"Persil":25,"Philips":25,"Best":24,"Chef":24,"Fresh 'n Fruity":24,"Schick":24,"Tegel":24,"Eta":23,"Purina Fancy Feast":23,"Surv":23,"Dairyworks":22,"Dine":22,"Ecostore":22,"Harpic":22,"North Head":22,"San Remo":22,"Head & Shoulders":21,"John West":21,"Lee Kum Kee":21,"Rascals":21,"V":21,"Verkerks":21,"Chelsea":20,"Jacob's Creek":20,"Leggo's":20,"Only Organic":20,"Sanitarium Up & Go":20,"U By Kotex":20,"Campbell's":19,"Eveready":19,"Magnum":19,"Nivea Men":19,"Poise":19,"Schwarzkopf Extra Care":19},"tobacco":{"false":9994},"category1NI":{"Chips, Nuts & Snacks":445,"Canned Foods & Packets":347,"Pams":344,"Biscuits & Crackers":304,"Back to School":290,"Chocolate, Sweets & Chewing Gum":288,"Cooking Sauces, Stocks & Marinades":274,"Hair Care":265,"Stationery & Entertainment":257,"Cheese":238,"Lunchbox Snacks":235,"Spices, Seasoning & Coatings":234,"Baking Supplies & Sugar":231,"Coffee":226,"Table Sauces, Dressings & Condiments":225,"Pasta, Rice & Noodles":224,"Cat":213,"Ice Cream & Sorbet":204,"Yoghurt":202,"Cleaning & Accessories":199,"Easy Meals & Meal Kits":176,"Deli Meats & Smoked Fish":169,"Homewares":165,"Food Wrap, Storage & Bags":163,"Dental & Oral Care":159,"Bath, Shower & Soap":157,"Red Wine":156,"Dog":151,"Soft Drinks & Mixers":148,"Breakfast Cereals":146,"Skin Care & Sun Care":143,"Deli Meats":137,"Laundry":134,"White Wine":130,"Medical & First Aid":125,"$5 Week 1":117,"Juice & Smoothies":111,"Period & Continence Care":111,"World Foods":111,"Vegetables":107,"Dips, Hummus & Antipasti":103,"Vitamins & Supplements":101,"Milk":98,"Deodorant & Body Sprays":97,"Ready to Eat":95,"Batteries & Electrical":93,"Jams, Honey & Spreads":93,"Beer":92,"Tea":91,"Sports & Energy Drinks":90,"Bulk Foods":86,"Desserts":86,"Nappies & Changing":83,"Chilled Soups & Ready Meals":80,"Frozen Chicken & Meat":76,"Garage & Outdoor":76,"Baby & Toddler Food":74,"Sliced & Packaged Bread":72,"Kitchen Cleaners":71,"Cakes, Muffins & Desserts":67,"Hot Chocolate & Milk Drinks":67,"Shaving & Hair Removal":65,"Frozen Fish & Seafood":64,"Bathroom & Toilet Cleaners":61,"Fresh Salad & Herbs":61,"Sports Nutrition & Weight Management":60,"Frozen Vegetables":57,"In-Store Bakery":57,"Oil & Vinegar":56,"Frozen Dumplings, Pies & Snacks":53,"Dishwashing":52,"Frozen Pizza & Ready Meals":52,"Wraps, Pita & Flat Bread":50,"Butter & Margarine":48,"Frozen Fruit & Desserts":46,"Pest & Insect Control":46,"Syrups, Cordials & Powdered Drinks":46,"Long Life & Dairy Free Milk":45,"Chilled Pasta, Pizza & Garlic Bread":43,"Baby & Toddler Toiletries":41,"Toilet Paper, Tissues & Paper Towels":40,"Mince, Sausages & Meatballs":39,"Rose Wine":39,"Seafood":39,"Champagne & Sparkling Wine":38,"Baby Formula":37,"Frozen Chips & Hash Browns":36,"Fruit":36,"Bagels, Crumpets & Pancakes":35,"Cream, Custard & Desserts":34,"Craft Beer":31,"Water":31,"Chicken & Poultry":30,"Kombucha & Functional Drinks":29,"Clothing & Accessories":28,"Nursing & Feeding":28,"Alcohol Free Drinks":27,"Burger Buns, Rolls & Garlic Bread":26,"Cider":24,"Frozen Pastry & Bread":23},"onPromotion":{"61dd754e-8525-4b9e-9e08-173389eea8a8":2714,"c3f9e1a3-fc34-452d-af2e-95349e666ba4":2702,"715f0e22-95e0-45ce-af3a-07057209976e":2698,"4a279605-eaa8-470d-bcd4-0a9e3c9ab43b":2685,"5cf0392f-c187-4fc4-a463-eb269d2e8f45":2660,"90082979-fb9f-4305-9c72-83274fc438cc":2656,"b29a98bd-749c-489c-9eef-6aa38e66a29b":2631,"2ed73be8-936d-4f35-9398-75a707f40a7b":2560,"dbca5e00-f7f9-43ae-91de-031ad16f8a92":2548,"be4c4780-218e-425a-a90f-63e21773572b":2538,"8cd700ae-d96f-4761-bd7a-805d6b93536d":2460,"d8032da3-c1b9-456e-b626-41ce21f8c67b":2401,"3c5e3145-0767-4066-9349-6c0a1313acc5":2383,"bdc5ef4a-c6a7-4f8a-b8cb-28109e6d61c3":2266,"2a1b331a-fc4a-496a-b072-e97cc8f70cae":2066,"d6d39eea-889d-4e20-923c-55cab225cf7f":2060,"c2204dae-579e-4b6b-9d42-2e13ceaa6031":2057,"65defcf2-bc15-490e-a84f-1f13b769cd22":2047,"8f0d70be-5cb7-464b-99cb-8b0130671895":2024,"b92cc33f-b5a8-4b57-9b82-412946800020":1977,"3404c253-577f-45ca-b301-c98312e46efb":1965,"c0f80e87-16be-4488-9553-da437e8c6c2a":1954,"6e6809dd-01bc-45c9-aab1-f01ccd8338b0":1952,"3bfe040b-f0c9-45e0-949b-b9ad5a591d55":1940,"92086ded-a55d-4241-a364-7d7ea91531b4":1937,"48dd98cc-a757-4102-b15d-ea82b4b10571":1931,"49037947-e450-49bf-ba1f-a94551c79a72":1915,"21ecaaed-0749-4492-985e-4bb7ba43d59c":1903,"3bb30799-82ce-4648-8c02-5113228963ed":1895,"01a114de-149c-4f5f-80a1-90cc63f69c6e":1886,"c180a72d-5dbe-4403-b7c7-91655e505492":1877,"714431ab-6e39-4df6-ac77-cfc5c1e25bc8":1864,"e1925ea7-01bc-4358-ae7c-c6502da5ab12":1860,"64eab5b1-8d79-45f4-94f1-02b8cf8b6202":1857,"1c388d5e-29ac-4956-b476-cb3431353d2e":1852,"5f167936-79ae-4f6a-b9d2-74afe1bb096b":1845,"d1cd1fdd-8767-46a6-a8d3-c3e0632c2dc8":1845,"b2e98a14-c8ca-401e-99ed-edf74570c6f6":1838,"af385423-d0f1-41f0-9482-ffd10b745143":1829,"6cda96e1-7d29-44a6-956b-3fcfdecc8184":1820,"529d66cc-60e3-432e-b8d1-efc9f2ec4919":1815,"4fcc1c8e-cc5e-4675-ba25-5e56b579cf69":1800,"7d48a781-4f68-4c91-a908-8659e1b22f95":1773,"53989945-1a28-481d-a61c-d6f75f760ada":1767,"60561e46-ece7-43a7-b142-9b14812586e4":1765,"9cd8eb60-3222-4efc-bd7c-50e03e6a81a4":1761,"33d8d6fc-861a-45ff-9937-5ccdb55eaede":1756,"15e6f441-5c1c-4d25-b4ec-1adf918c49c7":1746,"98ec3885-ac93-4fcb-807b-59c9055c52c4":1730,"94ef1985-cab1-4b39-a2f3-230120f03c16":1727,"a7d09522-bee2-41e4-8fe0-0b82b7f342f5":1712,"6c73764e-b8e6-4e55-ad37-f6a9d207da1f":1700,"b83029b6-5dd5-449e-8056-26f3943a4e18":1699,"50b1216b-d066-4457-b88b-9bccf97bf6d3":1684,"3e82142c-78dc-46f3-82ec-28e65fcf84c9":1614,"b39562a4-2b72-43fe-b9ba-eda1d651ad0b":1577,"076e8177-943b-41fc-a885-ba3d28297acf":1534},"productFacets":{"Non-GMO":4194,"Gluten Free":1186,"Dairy Free":518,"Vegetarian":461,"Low Fat":431,"Vegan":397,"Low Sugar":355,"Organic":260,"Halal":229,"Free Range":100,"Cage Free":47,"Keto":27,"Low Salt":24,"Healthy Heart Tick":1}}},"algoliaFacetQueriesResults":[],"totalHits":1000,"page":19,"totalPages":20,"hitsPerPage":50}
,
{"tobaccoProducts":false,"products":[{"productId":"5008348-EA-000","brand":"Perfect Italiano","name":"Parmesan Cheese","displayName":"250g","availability":["IN_STORE","ONLINE"],"saleType":"UNITS","restrictedFlag":false,"liquorFlag":false,"tobaccoFlag":false,"originRegulated":false,"singlePrice":{"price":959,"comparativePrice":{"pricePerUnit":384,"unitQuantity":100,"unitQuantityUom":"g","measureDescription":"100g"}},"facets":[{"itemCode":"00020002","itemDescription":"Halal"},{"itemCode":"00020012","itemDescription":"Non-GMO"}],"categoryTrees":[{"level0":"Fridge, Deli & Eggs","level1":"Cheese","level2":"Halloumi, Mozzarella & Parmesan"}],"cateredFlag":false,"algoliaAnalytics":{"searchQueryID":"aca06c5447e44b43f3a497c6b0db768c","searchPosition":901},"boughtBefore":false},{"productId":"5010272-EA-000","brand":"Pop'n'Good","name":"Light & Buttery Popcorn","displayName":"50g","availability":["IN_STORE","ONLINE"],"saleType":"UNITS","restrictedFlag":false,"liquorFlag":false,"tobaccoFlag":false,"originRegulated":false,"singlePrice":{"price":99,"promoId":"129965580","comparativePrice":{"pricePerUnit":198,"unitQuantity":100,"unitQuantityUom":"g","measureDescription":"100g"}},"promotions":[{"promoId":"129965580","rewardValue":99,"decal":"6000","sapType":"BASE","rewardType":"NEW_PRICE","threshold":1,"limit":0,"multiProducts":false,"cardDependencyFlag":false,"bestPromotion":true,"comparativePrice":{"pricePerUnit":198,"unitQuantity":100,"unitQuantityUom":"g","measureDescription":"100g"}}],"facets":[{"itemCode":"00020012","itemDescription":"Non-GMO"}],"categoryTrees":[{"level0":"Snacks, Treats & Easy Meals","level1":"Chips, Nuts & Snacks","level2":"Popcorn"},{"level0":"Pantry","level1":"Chips, Nuts & Snacks","level2":"Popcorn"}],"cateredFlag":false,"algoliaAnalytics":{"searchQueryID":"aca06c5447e44b43f3a497c6b0db768c","searchPosition":902},"boughtBefore":false},{"productId":"5277929-EA-000","brand":"Rangitikei","name":"Free Range Buttermilk Tenderloins","displayName":"400g","availability":["IN_STORE","ONLINE"],"saleType":"UNITS","restrictedFlag":false,"liquorFlag":false,"tobaccoFlag":false,"originRegulated":false,"singlePrice":{"price":1299,"comparativePrice":{"pricePerUnit":3248,"unitQuantity":1,"unitQuantityUom":"kg","measureDescription":"1kg"}},"facets":[{"itemCode":"00020002","itemDescription":"Halal"},{"itemCode":"00020006","itemDescription":"Cage Free"},{"itemCode":"00020003","itemDescription":"Free Range"}],"categoryTrees":[{"level0":"Frozen","level1":"Frozen Chicken & Meat","level2":"Frozen Coated Chicken & Nuggets"}],"cateredFlag":false,"algoliaAnalytics":{"searchQueryID":"aca06c5447e44b43f3a497c6b0db768c","searchPosition":903},"boughtBefore":false},{"productId":"5008057-EA-000","brand":"Burgen","name":"Superb Soy & Linseed Toast Bread","displayName":"700g","availability":["IN_STORE","ONLINE"],"saleType":"UNITS","restrictedFlag":false,"liquorFlag":false,"tobaccoFlag":false,"originRegulated":false,"singlePrice":{"price":469,"comparativePrice":{"pricePerUnit":67,"unitQuantity":100,"unitQuantityUom":"g","measureDescription":"100g"}},"categoryTrees":[{"level0":"Bakery","level1":"Sliced & Packaged Bread","level2":"Wholemeal, Grain & Seeded Bread"}],"cateredFlag":false,"algoliaAnalytics":{"searchQueryID":"aca06c5447e44b43f3a497c6b0db768c","searchPosition":904},"boughtBefore":false},{"productId":"5010314-EA-000","brand":"Wag","name":"Garlic & Rice Dog Roll","displayName":"3kg","availability":["IN_STORE","ONLINE"],"saleType":"UNITS","restrictedFlag":false,"liquorFlag":false,"tobaccoFlag":false,"originRegulated":false,"singlePrice":{"price":1149,"comparativePrice":{"pricePerUnit":38,"unitQuantity":100,"unitQuantityUom":"g","measureDescription":"100g"}},"facets":[{"itemCode":"00020004","itemDescription":"Gluten Free"},{"itemCode":"00020011","itemDescription":"Low Sugar"}],"categoryTrees":[{"level0":"Pets","level1":"Dog","level2":"Chilled & Frozen Dog Food"}],"cateredFlag":false,"algoliaAnalytics":{"searchQueryID":"aca06c5447e44b43f3a497c6b0db768c","searchPosition":905},"boughtBefore":false},{"productId":"5027953-EA-000","brand":"Tip Top","name":"Hokey Pokey Ice Cream","displayName":"2l","availability":["IN_STORE","ONLINE"],"saleType":"UNITS","restrictedFlag":false,"liquorFlag":false,"tobaccoFlag":false,"originRegulated":false,"singlePrice":{"price":519,"comparativePrice":{"pricePerUnit":26,"unitQuantity":100,"unitQuantityUom":"ml","measureDescription":"100ml"}},"facets":[{"itemCode":"00020012","itemDescription":"Non-GMO"}],"categoryTrees":[{"level0":"Frozen","level1":"Ice Cream & Sorbet","level2":"Ice Cream Tubs"}],"cateredFlag":false,"algoliaAnalytics":{"searchQueryID":"aca06c5447e44b43f3a497c6b0db768c","searchPosition":906},"boughtBefore":false},{"productId":"5018439-EA-000","brand":"Pams","name":"White Vinegar","displayName":"2l","availability":["IN_STORE","ONLINE"],"saleType":"UNITS","restrictedFlag":false,"liquorFlag":false,"tobaccoFlag":false,"originRegulated":false,"singlePrice":{"price":369,"comparativePrice":{"pricePerUnit":18,"unitQuantity":100,"unitQuantityUom":"ml","measureDescription":"100ml"}},"facets":[{"itemCode":"00020007","itemDescription":"Dairy Free"},{"itemCode":"00020012","itemDescription":"Non-GMO"},{"itemCode":"00020004","itemDescription":"Gluten Free"}],"categoryTrees":[{"level0":"Pantry","level1":"Oil & Vinegar","level2":"Vinegar"},{"level0":"Featured","level1":"Pams","level2":"Condiments & Dressings"}],"cateredFlag":false,"algoliaAnalytics":{"searchQueryID":"aca06c5447e44b43f3a497c6b0db768c","searchPosition":907},"boughtBefore":false},{"productId":"5214594-EA-000","brand":"Cadbury","name":"Twirl Chocolate Sharepack","displayName":"168g","availability":["IN_STORE","ONLINE"],"saleType":"UNITS","restrictedFlag":false,"liquorFlag":false,"tobaccoFlag":false,"originRegulated":false,"singlePrice":{"price":500,"promoId":"130003265","comparativePrice":{"pricePerUnit":298,"unitQuantity":100,"unitQuantityUom":"g","measureDescription":"100g"}},"promotions":[{"promoId":"130003265","rewardValue":500,"decal":"6000","sapType":"BASE","rewardType":"NEW_PRICE","threshold":1,"limit":0,"multiProducts":false,"cardDependencyFlag":false,"bestPromotion":true,"comparativePrice":{"pricePerUnit":298,"unitQuantity":100,"unitQuantityUom":"g","measureDescription":"100g"}}],"facets":[{"itemCode":"00020012","itemDescription":"Non-GMO"}],"categoryTrees":[{"level0":"Snacks, Treats & Easy Meals","level1":"Chocolate, Sweets & Chewing Gum","level2":"Chocolate Bags & Sharepacks"},{"level0":"Pantry","level1":"Chocolate, Sweets & Chewing Gum","level2":"Chocolate Bags & Sharepacks"}],"cateredFlag":false,"algoliaAnalytics":{"searchQueryID":"aca06c5447e44b43f3a497c6b0db768c","searchPosition":908},"boughtBefore":false},{"productId":"5212153-EA-000","brand":"Mexicano","name":"Thai Sweet Chilli Corn Chips","displayName":"170g","availability":["IN_STORE","ONLINE"],"saleType":"UNITS","restrictedFlag":false,"liquorFlag":false,"tobaccoFlag":false,"originRegulated":false,"singlePrice":{"price":249,"promoId":"129967153","comparativePrice":{"pricePerUnit":146,"unitQuantity":100,"unitQuantityUom":"g","measureDescription":"100g"}},"promotions":[{"promoId":"129967153","rewardValue":249,"decal":"6000","sapType":"BASE","rewardType":"NEW_PRICE","threshold":1,"limit":0,"multiProducts":false,"cardDependencyFlag":false,"bestPromotion":true,"comparativePrice":{"pricePerUnit":146,"unitQuantity":100,"unitQuantityUom":"g","measureDescription":"100g"}}],"facets":[{"itemCode":"00020014","itemDescription":"Vegetarian"},{"itemCode":"00020004","itemDescription":"Gluten Free"}],"categoryTrees":[{"level0":"Snacks, Treats & Easy Meals","level1":"Chips, Nuts & Snacks","level2":"Corn Chips & Salsa"},{"level0":"Pantry","level1":"Chips, Nuts & Snacks","level2":"Corn Chips & Salsa"}],"cateredFlag":false,"algoliaAnalytics":{"searchQueryID":"aca06c5447e44b43f3a497c6b0db768c","searchPosition":909},"boughtBefore":false},{"productId":"5223053-EA-000","brand":"Vitasoy","name":"Almond Milky","displayName":"1l","availability":["IN_STORE","ONLINE"],"saleType":"UNITS","restrictedFlag":false,"liquorFlag":false,"tobaccoFlag":false,"originRegulated":false,"singlePrice":{"price":419,"comparativePrice":{"pricePerUnit":419,"unitQuantity":1,"unitQuantityUom":"L","measureDescription":"1L"}},"facets":[{"itemCode":"00020007","itemDescription":"Dairy Free"},{"itemCode":"00020004","itemDescription":"Gluten Free"},{"itemCode":"00020011","itemDescription":"Low Sugar"}],"categoryTrees":[{"level0":"Pantry","level1":"Long Life & Dairy Free Milk","level2":"Nut Milk"}],"cateredFlag":false,"algoliaAnalytics":{"searchQueryID":"aca06c5447e44b43f3a497c6b0db768c","searchPosition":910},"boughtBefore":false},{"productId":"5278183-EA-000","brand":"Anchor","name":"Calci-Yum Tripilicious Flavoured Dairy Food","displayName":"6 x 125g","availability":["IN_STORE","ONLINE"],"saleType":"UNITS","restrictedFlag":false,"liquorFlag":false,"tobaccoFlag":false,"originRegulated":false,"singlePrice":{"price":549,"comparativePrice":{"pricePerUnit":73,"unitQuantity":100,"unitQuantityUom":"g","measureDescription":"100g"}},"facets":[{"itemCode":"00020012","itemDescription":"Non-GMO"},{"itemCode":"00020002","itemDescription":"Halal"}],"categoryTrees":[{"level0":"Fridge, Deli & Eggs","level1":"Yoghurt","level2":"Yoghurt Multi Packs & Single Serve"},{"level0":"Snacks, Treats & Easy Meals","level1":"Lunchbox Snacks","level2":"Yoghurt Pouches & Single Serve"}],"cateredFlag":false,"algoliaAnalytics":{"searchQueryID":"aca06c5447e44b43f3a497c6b0db768c","searchPosition":911},"boughtBefore":false},{"productId":"5001714-EA-000","brand":"Anchor","name":"Blue Milk Powder","displayName":"1kg","availability":["IN_STORE","ONLINE"],"saleType":"UNITS","restrictedFlag":false,"liquorFlag":false,"tobaccoFlag":false,"originRegulated":false,"singlePrice":{"price":1549,"comparativePrice":{"pricePerUnit":155,"unitQuantity":100,"unitQuantityUom":"g","measureDescription":"100g"}},"facets":[{"itemCode":"00020012","itemDescription":"Non-GMO"}],"categoryTrees":[{"level0":"Fridge, Deli & Eggs","level1":"Milk","level2":"UHT Milk & Milk Powder"},{"level0":"Pantry","level1":"Long Life & Dairy Free Milk","level2":"UHT Milk & Milk Powder"}],"cateredFlag":false,"algoliaAnalytics":{"searchQueryID":"aca06c5447e44b43f3a497c6b0db768c","searchPosition":912},"boughtBefore":false},{"productId":"5001303-EA-000","brand":"Craig's","name":"Strawberry Fruit Jam","displayName":"375g","availability":["IN_STORE","ONLINE"],"saleType":"UNITS","restrictedFlag":false,"liquorFlag":false,"tobaccoFlag":false,"originRegulated":false,"singlePrice":{"price":399,"comparativePrice":{"pricePerUnit":106,"unitQuantity":100,"unitQuantityUom":"g","measureDescription":"100g"}},"facets":[{"itemCode":"00020012","itemDescription":"Non-GMO"}],"categoryTrees":[{"level0":"Pantry","level1":"Jams, Honey & Spreads","level2":"Jam"}],"cateredFlag":false,"algoliaAnalytics":{"searchQueryID":"aca06c5447e44b43f3a497c6b0db768c","searchPosition":913},"boughtBefore":false},{"productId":"5010746-EA-000","brand":"Cadbury","name":"Flake Chocolate Sharepack","displayName":"168g","availability":["IN_STORE","ONLINE"],"saleType":"UNITS","restrictedFlag":false,"liquorFlag":false,"tobaccoFlag":false,"originRegulated":false,"singlePrice":{"price":500,"promoId":"130003265","comparativePrice":{"pricePerUnit":298,"unitQuantity":100,"unitQuantityUom":"g","measureDescription":"100g"}},"promotions":[{"promoId":"130003265","rewardValue":500,"decal":"6000","sapType":"BASE","rewardType":"NEW_PRICE","threshold":1,"limit":0,"multiProducts":false,"cardDependencyFlag":false,"bestPromotion":true,"comparativePrice":{"pricePerUnit":298,"unitQuantity":100,"unitQuantityUom":"g","measureDescription":"100g"}}],"facets":[{"itemCode":"00020012","itemDescription":"Non-GMO"}],"categoryTrees":[{"level0":"Snacks, Treats & Easy Meals","level1":"Chocolate, Sweets & Chewing Gum","level2":"Chocolate Bags & Sharepacks"},{"level0":"Pantry","level1":"Chocolate, Sweets & Chewing Gum","level2":"Chocolate Bags & Sharepacks"},{"level0":"$5 Week 1","level1":"$5 Week 1","level2":"Deals","webContent":{"badgeSmallUrl":"","badgeMediumUrl":"","badgeLargeUrl":"","title":"","subTitle":"","campaignUrl":""},"appContent":{"badgeSmallUrl":"","badgeMediumUrl":"","badgeLargeUrl":"","title":"","subTitle":"","campaignUrl":""}}],"cateredFlag":false,"algoliaAnalytics":{"searchQueryID":"aca06c5447e44b43f3a497c6b0db768c","searchPosition":914},"boughtBefore":false},{"productId":"5021872-EA-000","brand":"Hellers","name":"Classic Family Cheerios","displayName":"500g","availability":["IN_STORE","ONLINE"],"saleType":"UNITS","restrictedFlag":false,"liquorFlag":false,"tobaccoFlag":false,"originRegulated":false,"marketingInitiatives":[{"initiativeCode":"AOV"}],"singlePrice":{"price":500,"promoId":"129968315","comparativePrice":{"pricePerUnit":1000,"unitQuantity":1,"unitQuantityUom":"kg","measureDescription":"1kg"}},"promotions":[{"promoId":"129968315","rewardValue":500,"decal":"6000","sapType":"BASE","rewardType":"NEW_PRICE","threshold":1,"limit":0,"multiProducts":false,"cardDependencyFlag":false,"bestPromotion":true,"comparativePrice":{"pricePerUnit":1000,"unitQuantity":1,"unitQuantityUom":"kg","measureDescription":"1kg"}}],"facets":[{"itemCode":"00020004","itemDescription":"Gluten Free"},{"itemCode":"00020012","itemDescription":"Non-GMO"}],"categoryTrees":[{"level0":"Meat, Poultry & Seafood","level1":"Mince, Sausages & Meatballs","level2":"Pre-Cooked Sausages"},{"level0":"$5 Week 1","level1":"$5 Week 1","level2":"Deals","webContent":{"badgeSmallUrl":"","badgeMediumUrl":"","badgeLargeUrl":"","title":"","subTitle":"","campaignUrl":""},"appContent":{"badgeSmallUrl":"","badgeMediumUrl":"","badgeLargeUrl":"","title":"","subTitle":"","campaignUrl":""}}],"cateredFlag":false,"algoliaAnalytics":{"searchQueryID":"aca06c5447e44b43f3a497c6b0db768c","searchPosition":915},"boughtBefore":false},{"productId":"5216931-EA-000","brand":"Huggies","name":"Coconut Oil Thick Baby Wipes","displayName":"80pk","availability":["IN_STORE","ONLINE"],"saleType":"UNITS","restrictedFlag":false,"liquorFlag":false,"tobaccoFlag":false,"originRegulated":false,"singlePrice":{"price":399,"comparativePrice":{"pricePerUnit":499,"unitQuantity":100,"unitQuantityUom":" ","measureDescription":"100"}},"categoryTrees":[{"level0":"Baby & Toddler","level1":"Baby Wipes","level2":"Fragranced Wipes"}],"cateredFlag":false,"algoliaAnalytics":{"searchQueryID":"aca06c5447e44b43f3a497c6b0db768c","searchPosition":916},"boughtBefore":false},{"productId":"5007274-EA-000","brand":"Pams","name":"Cocoa Powder","displayName":"250g","availability":["IN_STORE","ONLINE"],"saleType":"UNITS","restrictedFlag":false,"liquorFlag":false,"tobaccoFlag":false,"originRegulated":false,"singlePrice":{"price":629,"comparativePrice":{"pricePerUnit":252,"unitQuantity":100,"unitQuantityUom":"g","measureDescription":"100g"}},"facets":[{"itemCode":"00020012","itemDescription":"Non-GMO"}],"categoryTrees":[{"level0":"Pantry","level1":"Baking Supplies & Sugar","level2":"Cocoa & Cooking Chocolate"},{"level0":"Featured","level1":"Pams","level2":"Baking Supplies & Sugar"}],"cateredFlag":false,"algoliaAnalytics":{"searchQueryID":"aca06c5447e44b43f3a497c6b0db768c","searchPosition":917},"boughtBefore":false},{"productId":"5283867-EA-000","brand":"Snacka Changi Chips","name":"Kettle Fried Sour Cream Chive Onion Potato Chips","displayName":"150g","availability":["IN_STORE","ONLINE"],"saleType":"UNITS","restrictedFlag":false,"liquorFlag":false,"tobaccoFlag":false,"originRegulated":false,"singlePrice":{"price":299,"promoId":"129967143","comparativePrice":{"pricePerUnit":199,"unitQuantity":100,"unitQuantityUom":"g","measureDescription":"100g"}},"promotions":[{"promoId":"129967143","rewardValue":299,"decal":"6000","sapType":"BASE","rewardType":"NEW_PRICE","threshold":1,"limit":0,"multiProducts":false,"cardDependencyFlag":false,"bestPromotion":true,"comparativePrice":{"pricePerUnit":199,"unitQuantity":100,"unitQuantityUom":"g","measureDescription":"100g"}}],"facets":[{"itemCode":"00020012","itemDescription":"Non-GMO"},{"itemCode":"00020004","itemDescription":"Gluten Free"},{"itemCode":"00020003","itemDescription":"Free Range"}],"categoryTrees":[{"level0":"Snacks, Treats & Easy Meals","level1":"Chips, Nuts & Snacks","level2":"Chips"},{"level0":"Pantry","level1":"Chips, Nuts & Snacks","level2":"Chips"}],"cateredFlag":false,"algoliaAnalytics":{"searchQueryID":"aca06c5447e44b43f3a497c6b0db768c","searchPosition":918},"boughtBefore":false},{"productId":"5031611-EA-000","brand":"Much Moore","name":"Marvels Hokey Pokey Ice Cream","displayName":"2l","availability":["IN_STORE","ONLINE"],"saleType":"UNITS","restrictedFlag":false,"liquorFlag":false,"tobaccoFlag":false,"originRegulated":false,"singlePrice":{"price":469,"promoId":"129964310","comparativePrice":{"pricePerUnit":23,"unitQuantity":100,"unitQuantityUom":"ml","measureDescription":"100ml"}},"promotions":[{"promoId":"129964310","rewardValue":469,"decal":"6000","sapType":"BASE","rewardType":"NEW_PRICE","threshold":1,"limit":0,"multiProducts":false,"cardDependencyFlag":false,"bestPromotion":true,"comparativePrice":{"pricePerUnit":23,"unitQuantity":100,"unitQuantityUom":"ml","measureDescription":"100ml"}}],"facets":[{"itemCode":"00020012","itemDescription":"Non-GMO"}],"categoryTrees":[{"level0":"Frozen","level1":"Ice Cream & Sorbet","level2":"Ice Cream Tubs"}],"cateredFlag":false,"algoliaAnalytics":{"searchQueryID":"aca06c5447e44b43f3a497c6b0db768c","searchPosition":919},"boughtBefore":false},{"productId":"5234865-EA-000","brand":"Whittaker's","name":"Dark Salted Caramel 62% Cocoa Dark Chocolate Block","displayName":"250g","availability":["IN_STORE","ONLINE"],"saleType":"UNITS","restrictedFlag":false,"liquorFlag":false,"tobaccoFlag":false,"originRegulated":false,"singlePrice":{"price":659,"promoId":"130003244","comparativePrice":{"pricePerUnit":264,"unitQuantity":100,"unitQuantityUom":"g","measureDescription":"100g"}},"promotions":[{"promoId":"130003244","rewardValue":659,"decal":"6000","sapType":"BASE","rewardType":"NEW_PRICE","threshold":1,"limit":0,"multiProducts":false,"cardDependencyFlag":false,"bestPromotion":true,"comparativePrice":{"pricePerUnit":264,"unitQuantity":100,"unitQuantityUom":"g","measureDescription":"100g"}}],"facets":[{"itemCode":"00020012","itemDescription":"Non-GMO"}],"categoryTrees":[{"level0":"Snacks, Treats & Easy Meals","level1":"Chocolate, Sweets & Chewing Gum","level2":"Chocolate Blocks"},{"level0":"Pantry","level1":"Chocolate, Sweets & Chewing Gum","level2":"Chocolate Blocks"}],"cateredFlag":false,"algoliaAnalytics":{"searchQueryID":"aca06c5447e44b43f3a497c6b0db768c","searchPosition":920},"boughtBefore":false},{"productId":"5004759-EA-000","brand":"Pams","name":"Coarse Breadcrumbs","displayName":"300g","availability":["IN_STORE","ONLINE"],"saleType":"UNITS","restrictedFlag":false,"liquorFlag":false,"tobaccoFlag":false,"originRegulated":false,"singlePrice":{"price":219,"comparativePrice":{"pricePerUnit":73,"unitQuantity":100,"unitQuantityUom":"g","measureDescription":"100g"}},"facets":[{"itemCode":"00020012","itemDescription":"Non-GMO"}],"categoryTrees":[{"level0":"Pantry","level1":"Spices, Seasoning & Coatings","level2":"Breadcrumbs, Coatings & Stuffings"},{"level0":"Featured","level1":"Pams","level2":"Baking Supplies & Sugar"}],"cateredFlag":false,"algoliaAnalytics":{"searchQueryID":"aca06c5447e44b43f3a497c6b0db768c","searchPosition":921},"boughtBefore":false},{"productId":"5212928-EA-000","brand":"Pams","name":"Sweet Thai Chilli Flavoured Corn Chips","displayName":"170g","availability":["IN_STORE","ONLINE"],"saleType":"UNITS","restrictedFlag":false,"liquorFlag":false,"tobaccoFlag":false,"originRegulated":false,"singlePrice":{"price":219,"comparativePrice":{"pricePerUnit":129,"unitQuantity":100,"unitQuantityUom":"g","measureDescription":"100g"}},"facets":[{"itemCode":"00020004","itemDescription":"Gluten Free"},{"itemCode":"00020012","itemDescription":"Non-GMO"}],"categoryTrees":[{"level0":"Snacks, Treats & Easy Meals","level1":"Chips, Nuts & Snacks","level2":"Corn Chips & Salsa"},{"level0":"Pantry","level1":"Chips, Nuts & Snacks","level2":"Corn Chips & Salsa"}],"cateredFlag":false,"algoliaAnalytics":{"searchQueryID":"aca06c5447e44b43f3a497c6b0db768c","searchPosition":922},"boughtBefore":false},{"productId":"5003698-EA-000","brand":"Pams","name":"Caster Sugar","displayName":"1kg","availability":["IN_STORE","ONLINE"],"saleType":"UNITS","restrictedFlag":false,"liquorFlag":false,"tobaccoFlag":false,"originRegulated":false,"singlePrice":{"price":199,"comparativePrice":{"pricePerUnit":20,"unitQuantity":100,"unitQuantityUom":"g","measureDescription":"100g"}},"facets":[{"itemCode":"00020002","itemDescription":"Halal"},{"itemCode":"00020012","itemDescription":"Non-GMO"},{"itemCode":"00020007","itemDescription":"Dairy Free"}],"categoryTrees":[{"level0":"Pantry","level1":"Baking Supplies & Sugar","level2":"Sugar"},{"level0":"Featured","level1":"Pams","level2":"Baking Supplies & Sugar"}],"cateredFlag":false,"algoliaAnalytics":{"searchQueryID":"aca06c5447e44b43f3a497c6b0db768c","searchPosition":923},"boughtBefore":false},{"productId":"5033485-EA-000","brand":"Pams","name":"Par-Baked Garlic Buffet Rolls","displayName":"12pk","availability":["IN_STORE","ONLINE"],"saleType":"UNITS","restrictedFlag":false,"liquorFlag":false,"tobaccoFlag":false,"originRegulated":false,"singlePrice":{"price":639,"comparativePrice":{"pricePerUnit":53,"unitQuantity":1,"unitQuantityUom":"ea","measureDescription":"ea"}},"facets":[{"itemCode":"00020012","itemDescription":"Non-GMO"}],"categoryTrees":[{"level0":"Bakery","level1":"Burger Buns, Rolls & Garlic Bread","level2":"Burger Buns & Bread Rolls"}],"cateredFlag":false,"algoliaAnalytics":{"searchQueryID":"aca06c5447e44b43f3a497c6b0db768c","searchPosition":924},"boughtBefore":false},{"productId":"5002067-EA-000","brand":"Wattie's","name":"Corn Whole Kernel","displayName":"410g","availability":["IN_STORE","ONLINE"],"saleType":"UNITS","restrictedFlag":false,"liquorFlag":false,"tobaccoFlag":false,"originRegulated":false,"singlePrice":{"price":179,"promoId":"129966122","comparativePrice":{"pricePerUnit":437,"unitQuantity":1,"unitQuantityUom":"kg","measureDescription":"1kg"}},"promotions":[{"promoId":"129966122","rewardValue":179,"decal":"6000","sapType":"BASE","rewardType":"NEW_PRICE","threshold":1,"limit":0,"multiProducts":false,"cardDependencyFlag":false,"bestPromotion":true,"comparativePrice":{"pricePerUnit":437,"unitQuantity":1,"unitQuantityUom":"kg","measureDescription":"1kg"}}],"facets":[{"itemCode":"00020012","itemDescription":"Non-GMO"}],"categoryTrees":[{"level0":"Pantry","level1":"Canned Foods & Packets","level2":"Canned & Dried Vegetables"}],"cateredFlag":false,"algoliaAnalytics":{"searchQueryID":"aca06c5447e44b43f3a497c6b0db768c","searchPosition":925},"boughtBefore":false},{"productId":"5013594-EA-000","brand":"Mother Earth","name":"Apricot Choc Baked Oaty Slices","displayName":"6 x 40g","availability":["IN_STORE","ONLINE"],"saleType":"UNITS","restrictedFlag":false,"liquorFlag":false,"tobaccoFlag":false,"originRegulated":false,"singlePrice":{"price":379,"comparativePrice":{"pricePerUnit":158,"unitQuantity":100,"unitQuantityUom":"g","measureDescription":"100g"}},"facets":[{"itemCode":"00020014","itemDescription":"Vegetarian"},{"itemCode":"00020012","itemDescription":"Non-GMO"}],"categoryTrees":[{"level0":"Snacks, Treats & Easy Meals","level1":"Chips, Nuts & Snacks","level2":"Muesli & Snack Bars"},{"level0":"Pantry","level1":"Chips, Nuts & Snacks","level2":"Muesli & Snack Bars"},{"level0":"Snacks, Treats & Easy Meals","level1":"Lunchbox Snacks","level2":"Muesli & Snack Bars"}],"cateredFlag":false,"algoliaAnalytics":{"searchQueryID":"aca06c5447e44b43f3a497c6b0db768c","searchPosition":926},"boughtBefore":false},{"productId":"5001552-EA-000","brand":"Lift","name":"Sparkling Lemon Fruit Drink","displayName":"1.5l","availability":["IN_STORE","ONLINE"],"saleType":"UNITS","restrictedFlag":false,"liquorFlag":false,"tobaccoFlag":false,"originRegulated":false,"singlePrice":{"price":299,"comparativePrice":{"pricePerUnit":199,"unitQuantity":1,"unitQuantityUom":"L","measureDescription":"1L"}},"categoryTrees":[{"level0":"Hot & Cold Drinks","level1":"Soft Drinks & Mixers","level2":"Lemonade"},{"level0":"Hot & Cold Drinks","level1":"Soft Drinks & Mixers","level2":"Other Soft Drinks"}],"cateredFlag":false,"algoliaAnalytics":{"searchQueryID":"aca06c5447e44b43f3a497c6b0db768c","searchPosition":927},"boughtBefore":false},{"productId":"5001057-EA-000","brand":"Mainland","name":"Mild & Creamy Edam Cheese","displayName":"250g","availability":["IN_STORE","ONLINE"],"saleType":"UNITS","restrictedFlag":false,"liquorFlag":false,"tobaccoFlag":false,"originRegulated":false,"singlePrice":{"price":639,"promoId":"129963933","comparativePrice":{"pricePerUnit":256,"unitQuantity":100,"unitQuantityUom":"g","measureDescription":"100g"}},"promotions":[{"promoId":"129963933","rewardValue":639,"decal":"6000","sapType":"BASE","rewardType":"NEW_PRICE","threshold":1,"limit":0,"multiProducts":false,"cardDependencyFlag":false,"bestPromotion":true,"comparativePrice":{"pricePerUnit":256,"unitQuantity":100,"unitQuantityUom":"g","measureDescription":"100g"}}],"facets":[{"itemCode":"00020014","itemDescription":"Vegetarian"},{"itemCode":"00020012","itemDescription":"Non-GMO"}],"categoryTrees":[{"level0":"Fridge, Deli & Eggs","level1":"Cheese","level2":"Everyday Cheese Blocks"}],"cateredFlag":false,"algoliaAnalytics":{"searchQueryID":"aca06c5447e44b43f3a497c6b0db768c","searchPosition":928},"boughtBefore":false},{"productId":"5016512-EA-000","brand":"Pams","name":"Roasted & Salty Peanuts","displayName":"200g","availability":["IN_STORE","ONLINE"],"saleType":"UNITS","restrictedFlag":false,"liquorFlag":false,"tobaccoFlag":false,"originRegulated":false,"singlePrice":{"price":199,"comparativePrice":{"pricePerUnit":100,"unitQuantity":100,"unitQuantityUom":"g","measureDescription":"100g"}},"facets":[{"itemCode":"00020011","itemDescription":"Low Sugar"},{"itemCode":"00020012","itemDescription":"Non-GMO"}],"categoryTrees":[{"level0":"Snacks, Treats & Easy Meals","level1":"Chips, Nuts & Snacks","level2":"Nuts & Trail Mixes"},{"level0":"Pantry","level1":"Chips, Nuts & Snacks","level2":"Nuts & Trail Mixes"}],"cateredFlag":false,"algoliaAnalytics":{"searchQueryID":"aca06c5447e44b43f3a497c6b0db768c","searchPosition":929},"boughtBefore":false},{"productId":"5249812-EA-000","brand":"Vitafresh","name":"Peach Iced Tea Flavoured Drink Mix","displayName":"3 x 50g","availability":["IN_STORE","ONLINE"],"saleType":"UNITS","restrictedFlag":false,"liquorFlag":false,"tobaccoFlag":false,"originRegulated":false,"singlePrice":{"price":219,"comparativePrice":{"pricePerUnit":146,"unitQuantity":100,"unitQuantityUom":"g","measureDescription":"100g"}},"categoryTrees":[{"level0":"Hot & Cold Drinks","level1":"Tea","level2":"Iced Tea"}],"cateredFlag":false,"algoliaAnalytics":{"searchQueryID":"aca06c5447e44b43f3a497c6b0db768c","searchPosition":930},"boughtBefore":false},{"productId":"5010240-EA-000","brand":"Gregg's","name":"Raspberry Flavoured Jelly Crystals","displayName":"85g","availability":["IN_STORE","ONLINE"],"saleType":"UNITS","restrictedFlag":false,"liquorFlag":false,"tobaccoFlag":false,"originRegulated":false,"singlePrice":{"price":139,"comparativePrice":{"pricePerUnit":164,"unitQuantity":100,"unitQuantityUom":"g","measureDescription":"100g"}},"facets":[{"itemCode":"00020012","itemDescription":"Non-GMO"}],"categoryTrees":[{"level0":"Pantry","level1":"Desserts","level2":"Jelly & Fruit Cups"}],"cateredFlag":false,"algoliaAnalytics":{"searchQueryID":"aca06c5447e44b43f3a497c6b0db768c","searchPosition":931},"boughtBefore":false},{"productId":"5009605-EA-000","brand":"Zig-Zag","name":"Yellow Papers","displayName":"ea","availability":["IN_STORE"],"saleType":"UNITS","restrictedFlag":false,"liquorFlag":false,"tobaccoFlag":false,"originRegulated":false,"singlePrice":{"price":106},"cateredFlag":false,"algoliaAnalytics":{"searchQueryID":"aca06c5447e44b43f3a497c6b0db768c","searchPosition":932},"boughtBefore":false},{"productId":"5007573-EA-000","brand":"Schweppes","name":"Sparkling Duet Lemon","displayName":"1.5l","availability":["IN_STORE","ONLINE"],"saleType":"UNITS","restrictedFlag":false,"liquorFlag":false,"tobaccoFlag":false,"originRegulated":false,"singlePrice":{"price":159,"comparativePrice":{"pricePerUnit":106,"unitQuantity":1,"unitQuantityUom":"L","measureDescription":"1L"}},"facets":[{"itemCode":"00020012","itemDescription":"Non-GMO"}],"categoryTrees":[{"level0":"Hot & Cold Drinks","level1":"Soft Drinks & Mixers","level2":"Lemonade"}],"cateredFlag":false,"algoliaAnalytics":{"searchQueryID":"aca06c5447e44b43f3a497c6b0db768c","searchPosition":933},"boughtBefore":false},{"productId":"5251939-EA-000","brand":"Gregg's","name":"Garlic Powder","displayName":"30g","availability":["IN_STORE","ONLINE"],"saleType":"UNITS","restrictedFlag":false,"liquorFlag":false,"tobaccoFlag":false,"originRegulated":false,"singlePrice":{"price":129,"comparativePrice":{"pricePerUnit":43,"unitQuantity":10,"unitQuantityUom":"g","measureDescription":"10g"}},"facets":[{"itemCode":"00020012","itemDescription":"Non-GMO"}],"categoryTrees":[{"level0":"Pantry","level1":"Spices, Seasoning & Coatings","level2":"Garlic & Ginger"}],"cateredFlag":false,"algoliaAnalytics":{"searchQueryID":"aca06c5447e44b43f3a497c6b0db768c","searchPosition":934},"boughtBefore":false},{"productId":"5019488-EA-000","brand":"Aunt Betty's","name":"Chocolate Steamed Puddings","displayName":"2 x 95g","availability":["IN_STORE","ONLINE"],"saleType":"UNITS","restrictedFlag":false,"liquorFlag":false,"tobaccoFlag":false,"originRegulated":false,"singlePrice":{"price":489,"comparativePrice":{"pricePerUnit":257,"unitQuantity":100,"unitQuantityUom":"g","measureDescription":"100g"}},"facets":[{"itemCode":"00020012","itemDescription":"Non-GMO"},{"itemCode":"00020014","itemDescription":"Vegetarian"}],"categoryTrees":[{"level0":"Pantry","level1":"Desserts","level2":"Puddings & Other Desserts"}],"cateredFlag":false,"algoliaAnalytics":{"searchQueryID":"aca06c5447e44b43f3a497c6b0db768c","searchPosition":935},"boughtBefore":false},{"productId":"5004668-EA-000","brand":"Griffin's","name":"Meal Mates The Original Poppy & Sesame Crackers","displayName":"230g","availability":["IN_STORE","ONLINE"],"saleType":"UNITS","restrictedFlag":false,"liquorFlag":false,"tobaccoFlag":false,"originRegulated":false,"singlePrice":{"price":369,"comparativePrice":{"pricePerUnit":160,"unitQuantity":100,"unitQuantityUom":"g","measureDescription":"100g"}},"facets":[{"itemCode":"00020012","itemDescription":"Non-GMO"}],"categoryTrees":[{"level0":"Pantry","level1":"Biscuits & Crackers","level2":"Crackers"},{"level0":"Featured","level1":"Back to School","level2":"Lunchbox Snacks","webContent":{"badgeSmallUrl":"","badgeMediumUrl":"","badgeLargeUrl":"","title":"","subTitle":"","campaignUrl":""},"appContent":{"badgeSmallUrl":"","badgeMediumUrl":"","badgeLargeUrl":"","title":"","subTitle":"","campaignUrl":""}}],"cateredFlag":false,"algoliaAnalytics":{"searchQueryID":"aca06c5447e44b43f3a497c6b0db768c","searchPosition":936},"boughtBefore":false},{"productId":"5040006-KGM-000","name":"Portabello Flat Mushrooms","displayName":"kg","availability":["IN_STORE","ONLINE"],"saleType":"BOTH","restrictedFlag":false,"liquorFlag":false,"tobaccoFlag":false,"originRegulated":true,"originStatement":"Product of New Zealand","variableWeight":{"unitOfMeasure":"g","averageWeight":70,"minOrderQuantity":100,"stepSize":50,"stepUnitOfMeasure":"g"},"singlePrice":{"price":1499,"comparativePrice":{"pricePerUnit":1499,"unitQuantity":1,"unitQuantityUom":"kg","measureDescription":"1kg"}},"categoryTrees":[{"level0":"Fruit & Vegetables","level1":"Vegetables","level2":"Mushrooms"}],"cateredFlag":false,"algoliaAnalytics":{"searchQueryID":"aca06c5447e44b43f3a497c6b0db768c","searchPosition":937},"boughtBefore":false},{"productId":"5001098-EA-000","brand":"Nutella","name":"Hazelnut Spread","displayName":"400g","availability":["IN_STORE","ONLINE"],"saleType":"UNITS","restrictedFlag":false,"liquorFlag":false,"tobaccoFlag":false,"originRegulated":false,"marketingInitiatives":[{"initiativeCode":"AOV"}],"singlePrice":{"price":649,"promoId":"129983681","comparativePrice":{"pricePerUnit":162,"unitQuantity":100,"unitQuantityUom":"g","measureDescription":"100g"}},"promotions":[{"promoId":"129983681","rewardValue":649,"decal":"6000","sapType":"BASE","rewardType":"NEW_PRICE","threshold":1,"limit":0,"multiProducts":false,"cardDependencyFlag":false,"bestPromotion":true,"comparativePrice":{"pricePerUnit":162,"unitQuantity":100,"unitQuantityUom":"g","measureDescription":"100g"}}],"facets":[{"itemCode":"00020004","itemDescription":"Gluten Free"},{"itemCode":"00020014","itemDescription":"Vegetarian"},{"itemCode":"00020002","itemDescription":"Halal"},{"itemCode":"00020012","itemDescription":"Non-GMO"}],"categoryTrees":[{"level0":"Pantry","level1":"Jams, Honey & Spreads","level2":"Chocolate & Sweet Spreads"}],"cateredFlag":false,"algoliaAnalytics":{"searchQueryID":"aca06c5447e44b43f3a497c6b0db768c","searchPosition":938},"boughtBefore":false},{"productId":"5027955-EA-000","brand":"Tip Top","name":"Boysenberry Ripple Ice Cream","displayName":"2l","availability":["IN_STORE","ONLINE"],"saleType":"UNITS","restrictedFlag":false,"liquorFlag":false,"tobaccoFlag":false,"originRegulated":false,"singlePrice":{"price":519,"comparativePrice":{"pricePerUnit":26,"unitQuantity":100,"unitQuantityUom":"ml","measureDescription":"100ml"}},"facets":[{"itemCode":"00020012","itemDescription":"Non-GMO"}],"categoryTrees":[{"level0":"Frozen","level1":"Ice Cream & Sorbet","level2":"Ice Cream Tubs"}],"cateredFlag":false,"algoliaAnalytics":{"searchQueryID":"aca06c5447e44b43f3a497c6b0db768c","searchPosition":939},"boughtBefore":false},{"productId":"5263775-EA-000","brand":"Earthsmart","name":"Recycled 2ply Long Toilet Rolls","displayName":"6 x 360 sheets","availability":["IN_STORE","ONLINE"],"saleType":"UNITS","restrictedFlag":false,"liquorFlag":false,"tobaccoFlag":false,"originRegulated":false,"singlePrice":{"price":629,"comparativePrice":{"pricePerUnit":29,"unitQuantity":100,"unitQuantityUom":"sheets","measureDescription":"100 sheets"}},"categoryTrees":[{"level0":"Household & Cleaning","level1":"Toilet Paper, Tissues & Paper Towels","level2":"Toilet Paper"}],"cateredFlag":false,"algoliaAnalytics":{"searchQueryID":"aca06c5447e44b43f3a497c6b0db768c","searchPosition":940},"boughtBefore":false},{"productId":"5034446-EA-000","brand":"Cinderella","name":"Dried Mango","displayName":"125g","availability":["IN_STORE","ONLINE"],"saleType":"UNITS","restrictedFlag":false,"liquorFlag":false,"tobaccoFlag":false,"originRegulated":false,"singlePrice":{"price":499,"comparativePrice":{"pricePerUnit":3992,"unitQuantity":1,"unitQuantityUom":"kg","measureDescription":"1kg"}},"categoryTrees":[{"level0":"Pantry","level1":"Baking Supplies & Sugar","level2":"Dried Fruit"},{"level0":"Featured","level1":"Back to School","level2":"Lunchbox Snacks","webContent":{"badgeSmallUrl":"","badgeMediumUrl":"","badgeLargeUrl":"","title":"","subTitle":"","campaignUrl":""},"appContent":{"badgeSmallUrl":"","badgeMediumUrl":"","badgeLargeUrl":"","title":"","subTitle":"","campaignUrl":""}}],"cateredFlag":false,"algoliaAnalytics":{"searchQueryID":"aca06c5447e44b43f3a497c6b0db768c","searchPosition":941},"boughtBefore":false},{"productId":"5009682-EA-000","brand":"Macleans","name":"Protect Mild Mint Toothpaste","displayName":"90g","availability":["IN_STORE","ONLINE"],"saleType":"UNITS","restrictedFlag":false,"liquorFlag":false,"tobaccoFlag":false,"originRegulated":false,"singlePrice":{"price":219,"comparativePrice":{"pricePerUnit":243,"unitQuantity":100,"unitQuantityUom":"g","measureDescription":"100g"}},"facets":[{"itemCode":"00020012","itemDescription":"Non-GMO"}],"categoryTrees":[{"level0":"Health & Body","level1":"Dental & Oral Care","level2":"Toothpaste"}],"cateredFlag":false,"algoliaAnalytics":{"searchQueryID":"aca06c5447e44b43f3a497c6b0db768c","searchPosition":942},"boughtBefore":false},{"productId":"5023741-EA-000","brand":"Pams","name":"Large & Thick 3 Ply Tissues","displayName":"95pk","availability":["IN_STORE","ONLINE"],"saleType":"UNITS","restrictedFlag":false,"liquorFlag":false,"tobaccoFlag":false,"originRegulated":false,"singlePrice":{"price":299,"comparativePrice":{"pricePerUnit":315,"unitQuantity":100,"unitQuantityUom":" ","measureDescription":"100"}},"facets":[{"itemCode":"00020012","itemDescription":"Non-GMO"}],"categoryTrees":[{"level0":"Health & Body","level1":"Tissues & Cotton Wool","level2":"Tissues"},{"level0":"Household & Cleaning","level1":"Toilet Paper, Tissues & Paper Towels","level2":"Tissues"}],"cateredFlag":false,"algoliaAnalytics":{"searchQueryID":"aca06c5447e44b43f3a497c6b0db768c","searchPosition":943},"boughtBefore":false},{"productId":"5004782-EA-000","brand":"Pams","name":"White Sugar","displayName":"3kg","availability":["IN_STORE","ONLINE"],"saleType":"UNITS","restrictedFlag":false,"liquorFlag":false,"tobaccoFlag":false,"originRegulated":false,"singlePrice":{"price":619,"comparativePrice":{"pricePerUnit":21,"unitQuantity":100,"unitQuantityUom":"g","measureDescription":"100g"}},"facets":[{"itemCode":"00020007","itemDescription":"Dairy Free"},{"itemCode":"00020002","itemDescription":"Halal"},{"itemCode":"00020012","itemDescription":"Non-GMO"}],"categoryTrees":[{"level0":"Pantry","level1":"Baking Supplies & Sugar","level2":"Sugar"},{"level0":"Featured","level1":"Pams","level2":"Baking Supplies & Sugar"}],"cateredFlag":false,"algoliaAnalytics":{"searchQueryID":"aca06c5447e44b43f3a497c6b0db768c","searchPosition":944},"boughtBefore":false},{"productId":"5245097-EA-000","brand":"Dairyworks","name":"Tasty Natural Slices","displayName":"500g","availability":["IN_STORE","ONLINE"],"saleType":"UNITS","restrictedFlag":false,"liquorFlag":false,"tobaccoFlag":false,"originRegulated":false,"singlePrice":{"price":949,"promoId":"129965748","comparativePrice":{"pricePerUnit":190,"unitQuantity":100,"unitQuantityUom":"g","measureDescription":"100g"}},"promotions":[{"promoId":"129965748","rewardValue":949,"decal":"6000","sapType":"BASE","rewardType":"NEW_PRICE","threshold":1,"limit":0,"multiProducts":false,"cardDependencyFlag":false,"bestPromotion":true,"comparativePrice":{"pricePerUnit":190,"unitQuantity":100,"unitQuantityUom":"g","measureDescription":"100g"}}],"facets":[{"itemCode":"00020004","itemDescription":"Gluten Free"},{"itemCode":"00020012","itemDescription":"Non-GMO"}],"categoryTrees":[{"level0":"Fridge, Deli & Eggs","level1":"Cheese","level2":"Sliced Cheese"}],"cateredFlag":false,"algoliaAnalytics":{"searchQueryID":"aca06c5447e44b43f3a497c6b0db768c","searchPosition":945},"boughtBefore":false},{"productId":"5021109-EA-000","brand":"Mediterranean","name":"Margherita Layered Dip","displayName":"135g","availability":["IN_STORE","ONLINE"],"saleType":"UNITS","restrictedFlag":false,"liquorFlag":false,"tobaccoFlag":false,"originRegulated":false,"singlePrice":{"price":429,"promoId":"129998337","comparativePrice":{"pricePerUnit":318,"unitQuantity":100,"unitQuantityUom":"g","measureDescription":"100g"}},"promotions":[{"promoId":"129998337","rewardValue":429,"decal":"6000","sapType":"BASE","rewardType":"NEW_PRICE","threshold":1,"limit":0,"multiProducts":false,"cardDependencyFlag":false,"bestPromotion":true,"comparativePrice":{"pricePerUnit":318,"unitQuantity":100,"unitQuantityUom":"g","measureDescription":"100g"}}],"facets":[{"itemCode":"00020012","itemDescription":"Non-GMO"}],"categoryTrees":[{"level0":"Fridge, Deli & Eggs","level1":"Dips, Hummus & Antipasti","level2":"Dips"}],"cateredFlag":false,"algoliaAnalytics":{"searchQueryID":"aca06c5447e44b43f3a497c6b0db768c","searchPosition":946},"boughtBefore":false},{"productId":"5009618-EA-000","brand":"Protex","name":"Antibacterial Active Everyday Protection Bar Soap","displayName":"90g","availability":["IN_STORE","ONLINE"],"saleType":"UNITS","restrictedFlag":false,"liquorFlag":false,"tobaccoFlag":false,"originRegulated":false,"singlePrice":{"price":199,"comparativePrice":{"pricePerUnit":221,"unitQuantity":100,"unitQuantityUom":"g","measureDescription":"100g"}},"categoryTrees":[{"level0":"Health & Body","level1":"Bath, Shower & Soap","level2":"Soap Bars"}],"cateredFlag":false,"algoliaAnalytics":{"searchQueryID":"aca06c5447e44b43f3a497c6b0db768c","searchPosition":947},"boughtBefore":false},{"productId":"5011939-EA-000","brand":"Possyum","name":"Supreme Premium Dog Roll","displayName":"2kg","availability":["IN_STORE","ONLINE"],"saleType":"UNITS","restrictedFlag":false,"liquorFlag":false,"tobaccoFlag":false,"originRegulated":false,"singlePrice":{"price":1269,"promoId":"130003353","comparativePrice":{"pricePerUnit":63,"unitQuantity":100,"unitQuantityUom":"g","measureDescription":"100g"}},"promotions":[{"promoId":"130003353","rewardValue":1269,"decal":"6000","sapType":"BASE","rewardType":"NEW_PRICE","threshold":1,"limit":0,"multiProducts":false,"cardDependencyFlag":false,"bestPromotion":true,"comparativePrice":{"pricePerUnit":63,"unitQuantity":100,"unitQuantityUom":"g","measureDescription":"100g"}}],"categoryTrees":[{"level0":"Pets","level1":"Dog","level2":"Dog Roll"}],"cateredFlag":false,"algoliaAnalytics":{"searchQueryID":"aca06c5447e44b43f3a497c6b0db768c","searchPosition":948},"boughtBefore":false},{"productId":"5281978-EA-000","brand":"Wilcox","name":"Vivaldi Potatoes","displayName":"2kg","availability":["IN_STORE","ONLINE"],"saleType":"UNITS","restrictedFlag":false,"liquorFlag":false,"tobaccoFlag":false,"originRegulated":true,"originStatement":"Product of New Zealand","singlePrice":{"price":699,"comparativePrice":{"pricePerUnit":350,"unitQuantity":1,"unitQuantityUom":"kg","measureDescription":"1kg"}},"facets":[{"itemCode":"00020012","itemDescription":"Non-GMO"}],"categoryTrees":[{"level0":"Fruit & Vegetables","level1":"Vegetables","level2":"Potato & Kumara"}],"cateredFlag":false,"algoliaAnalytics":{"searchQueryID":"aca06c5447e44b43f3a497c6b0db768c","searchPosition":949},"boughtBefore":false},{"productId":"5001295-EA-000","brand":"Craig's","name":"Raspberry Fruit Jam","displayName":"375g","availability":["IN_STORE","ONLINE"],"saleType":"UNITS","restrictedFlag":false,"liquorFlag":false,"tobaccoFlag":false,"originRegulated":false,"singlePrice":{"price":399,"comparativePrice":{"pricePerUnit":106,"unitQuantity":100,"unitQuantityUom":"g","measureDescription":"100g"}},"facets":[{"itemCode":"00020012","itemDescription":"Non-GMO"}],"categoryTrees":[{"level0":"Pantry","level1":"Jams, Honey & Spreads","level2":"Jam"}],"cateredFlag":false,"algoliaAnalytics":{"searchQueryID":"aca06c5447e44b43f3a497c6b0db768c","searchPosition":950},"boughtBefore":false}],"algoliaSearchResult":{"facets":{"brand":{"Pams":809,"Wattie's":155,"Mrs Rogers":111,"Colgate":90,"Anchor":81,"Korbond":81,"Healtheries":80,"Tip Top":72,"Hellers":64,"VitaPet":63,"Gregg's":60,"Value":60,"Ceres Organics":56,"Continental":52,"Dettol":52,"Tasti":52,"Mainland":51,"Griffin's":50,"Maggi":50,"Pams Value":50,"Nivea":49,"Red Seal":49,"Dove":48,"Barker's":47,"Meadow Fresh":47,"Musashi":46,"Huggies":44,"Nestle":43,"Nescafe":41,"Palmolive":40,"McCain":39,"Bic":38,"Masterfoods":37,"Mother Earth":36,"Cadbury":35,"Delmaine":34,"Kellogg's":34,"Heinz":33,"Sealord":33,"Graze":31,"Lewis Road Creamery":31,"Sistema":31,"Whittaker's":31,"Chux":30,"Edmonds":30,"Jed's Coffee Co.":30,"The Collective":30,"Pams Finest":29,"Avalanche":28,"Bundaberg":28,"Energizer":28,"Whiskas":28,"Big Black Sacks":27,"Bluebird":27,"Glow Lab":27,"Kapiti":27,"Palmolive Naturals":27,"Arnott's":26,"Diamond":26,"Fresh To Go":26,"Hubbards":26,"Lindt":26,"Schweppes":26,"Farrah's":25,"Moccona":25,"Old El Paso":25,"Persil":25,"Philips":25,"Best":24,"Chef":24,"Fresh 'n Fruity":24,"Schick":24,"Tegel":24,"Eta":23,"Purina Fancy Feast":23,"Surv":23,"Dairyworks":22,"Dine":22,"Ecostore":22,"Harpic":22,"North Head":22,"San Remo":22,"Head & Shoulders":21,"John West":21,"Lee Kum Kee":21,"Rascals":21,"V":21,"Verkerks":21,"Chelsea":20,"Jacob's Creek":20,"Leggo's":20,"Only Organic":20,"Sanitarium Up & Go":20,"U By Kotex":20,"Campbell's":19,"Eveready":19,"Magnum":19,"Nivea Men":19,"Poise":19,"Schwarzkopf Extra Care":19},"tobacco":{"false":9994},"category1NI":{"Chips, Nuts & Snacks":445,"Canned Foods & Packets":347,"Pams":344,"Biscuits & Crackers":304,"Back to School":290,"Chocolate, Sweets & Chewing Gum":288,"Cooking Sauces, Stocks & Marinades":274,"Hair Care":265,"Stationery & Entertainment":257,"Cheese":238,"Lunchbox Snacks":235,"Spices, Seasoning & Coatings":234,"Baking Supplies & Sugar":231,"Coffee":226,"Table Sauces, Dressings & Condiments":225,"Pasta, Rice & Noodles":224,"Cat":213,"Ice Cream & Sorbet":204,"Yoghurt":202,"Cleaning & Accessories":199,"Easy Meals & Meal Kits":176,"Deli Meats & Smoked Fish":169,"Homewares":165,"Food Wrap, Storage & Bags":163,"Dental & Oral Care":159,"Bath, Shower & Soap":157,"Red Wine":156,"Dog":151,"Soft Drinks & Mixers":148,"Breakfast Cereals":146,"Skin Care & Sun Care":143,"Deli Meats":137,"Laundry":134,"White Wine":130,"Medical & First Aid":125,"$5 Week 1":117,"Juice & Smoothies":111,"Period & Continence Care":111,"World Foods":111,"Vegetables":107,"Dips, Hummus & Antipasti":103,"Vitamins & Supplements":101,"Milk":98,"Deodorant & Body Sprays":97,"Ready to Eat":95,"Batteries & Electrical":93,"Jams, Honey & Spreads":93,"Beer":92,"Tea":91,"Sports & Energy Drinks":90,"Bulk Foods":86,"Desserts":86,"Nappies & Changing":83,"Chilled Soups & Ready Meals":80,"Frozen Chicken & Meat":76,"Garage & Outdoor":76,"Baby & Toddler Food":74,"Sliced & Packaged Bread":72,"Kitchen Cleaners":71,"Cakes, Muffins & Desserts":67,"Hot Chocolate & Milk Drinks":67,"Shaving & Hair Removal":65,"Frozen Fish & Seafood":64,"Bathroom & Toilet Cleaners":61,"Fresh Salad & Herbs":61,"Sports Nutrition & Weight Management":60,"Frozen Vegetables":57,"In-Store Bakery":57,"Oil & Vinegar":56,"Frozen Dumplings, Pies & Snacks":53,"Dishwashing":52,"Frozen Pizza & Ready Meals":52,"Wraps, Pita & Flat Bread":50,"Butter & Margarine":48,"Frozen Fruit & Desserts":46,"Pest & Insect Control":46,"Syrups, Cordials & Powdered Drinks":46,"Long Life & Dairy Free Milk":45,"Chilled Pasta, Pizza & Garlic Bread":43,"Baby & Toddler Toiletries":41,"Toilet Paper, Tissues & Paper Towels":40,"Mince, Sausages & Meatballs":39,"Rose Wine":39,"Seafood":39,"Champagne & Sparkling Wine":38,"Baby Formula":37,"Frozen Chips & Hash Browns":36,"Fruit":36,"Bagels, Crumpets & Pancakes":35,"Cream, Custard & Desserts":34,"Craft Beer":31,"Water":31,"Chicken & Poultry":30,"Kombucha & Functional Drinks":29,"Clothing & Accessories":28,"Nursing & Feeding":28,"Alcohol Free Drinks":27,"Burger Buns, Rolls & Garlic Bread":26,"Cider":24,"Frozen Pastry & Bread":23},"onPromotion":{"61dd754e-8525-4b9e-9e08-173389eea8a8":2714,"c3f9e1a3-fc34-452d-af2e-95349e666ba4":2702,"715f0e22-95e0-45ce-af3a-07057209976e":2698,"4a279605-eaa8-470d-bcd4-0a9e3c9ab43b":2685,"5cf0392f-c187-4fc4-a463-eb269d2e8f45":2660,"90082979-fb9f-4305-9c72-83274fc438cc":2656,"b29a98bd-749c-489c-9eef-6aa38e66a29b":2631,"2ed73be8-936d-4f35-9398-75a707f40a7b":2560,"dbca5e00-f7f9-43ae-91de-031ad16f8a92":2548,"be4c4780-218e-425a-a90f-63e21773572b":2538,"8cd700ae-d96f-4761-bd7a-805d6b93536d":2460,"d8032da3-c1b9-456e-b626-41ce21f8c67b":2401,"3c5e3145-0767-4066-9349-6c0a1313acc5":2383,"bdc5ef4a-c6a7-4f8a-b8cb-28109e6d61c3":2266,"2a1b331a-fc4a-496a-b072-e97cc8f70cae":2066,"d6d39eea-889d-4e20-923c-55cab225cf7f":2060,"c2204dae-579e-4b6b-9d42-2e13ceaa6031":2057,"65defcf2-bc15-490e-a84f-1f13b769cd22":2047,"8f0d70be-5cb7-464b-99cb-8b0130671895":2024,"b92cc33f-b5a8-4b57-9b82-412946800020":1977,"3404c253-577f-45ca-b301-c98312e46efb":1965,"c0f80e87-16be-4488-9553-da437e8c6c2a":1954,"6e6809dd-01bc-45c9-aab1-f01ccd8338b0":1952,"3bfe040b-f0c9-45e0-949b-b9ad5a591d55":1940,"92086ded-a55d-4241-a364-7d7ea91531b4":1937,"48dd98cc-a757-4102-b15d-ea82b4b10571":1931,"49037947-e450-49bf-ba1f-a94551c79a72":1915,"21ecaaed-0749-4492-985e-4bb7ba43d59c":1903,"3bb30799-82ce-4648-8c02-5113228963ed":1895,"01a114de-149c-4f5f-80a1-90cc63f69c6e":1886,"c180a72d-5dbe-4403-b7c7-91655e505492":1877,"714431ab-6e39-4df6-ac77-cfc5c1e25bc8":1864,"e1925ea7-01bc-4358-ae7c-c6502da5ab12":1860,"64eab5b1-8d79-45f4-94f1-02b8cf8b6202":1857,"1c388d5e-29ac-4956-b476-cb3431353d2e":1852,"5f167936-79ae-4f6a-b9d2-74afe1bb096b":1845,"d1cd1fdd-8767-46a6-a8d3-c3e0632c2dc8":1845,"b2e98a14-c8ca-401e-99ed-edf74570c6f6":1838,"af385423-d0f1-41f0-9482-ffd10b745143":1829,"6cda96e1-7d29-44a6-956b-3fcfdecc8184":1820,"529d66cc-60e3-432e-b8d1-efc9f2ec4919":1815,"4fcc1c8e-cc5e-4675-ba25-5e56b579cf69":1800,"7d48a781-4f68-4c91-a908-8659e1b22f95":1773,"53989945-1a28-481d-a61c-d6f75f760ada":1767,"60561e46-ece7-43a7-b142-9b14812586e4":1765,"9cd8eb60-3222-4efc-bd7c-50e03e6a81a4":1761,"33d8d6fc-861a-45ff-9937-5ccdb55eaede":1756,"15e6f441-5c1c-4d25-b4ec-1adf918c49c7":1746,"98ec3885-ac93-4fcb-807b-59c9055c52c4":1730,"94ef1985-cab1-4b39-a2f3-230120f03c16":1727,"a7d09522-bee2-41e4-8fe0-0b82b7f342f5":1712,"6c73764e-b8e6-4e55-ad37-f6a9d207da1f":1700,"b83029b6-5dd5-449e-8056-26f3943a4e18":1699,"50b1216b-d066-4457-b88b-9bccf97bf6d3":1684,"3e82142c-78dc-46f3-82ec-28e65fcf84c9":1614,"b39562a4-2b72-43fe-b9ba-eda1d651ad0b":1577,"076e8177-943b-41fc-a885-ba3d28297acf":1534},"productFacets":{"Non-GMO":4194,"Gluten Free":1186,"Dairy Free":518,"Vegetarian":461,"Low Fat":431,"Vegan":397,"Low Sugar":355,"Organic":260,"Halal":229,"Free Range":100,"Cage Free":47,"Keto":27,"Low Salt":24,"Healthy Heart Tick":1}}},"algoliaFacetQueriesResults":[],"totalHits":1000,"page":18,"totalPages":20,"hitsPerPage":50}
,
{"tobaccoProducts":false,"products":[{"productId":"5008536-EA-000","brand":"Perfect Italiano","name":"Traditional Grated Parmesan Cheese","displayName":"125g","availability":["IN_STORE","ONLINE"],"saleType":"UNITS","restrictedFlag":false,"liquorFlag":false,"tobaccoFlag":false,"originRegulated":false,"singlePrice":{"price":709,"comparativePrice":{"pricePerUnit":567,"unitQuantity":100,"unitQuantityUom":"g","measureDescription":"100g"}},"facets":[{"itemCode":"00020012","itemDescription":"Non-GMO"}],"categoryTrees":[{"level0":"Fridge, Deli & Eggs","level1":"Cheese","level2":"Halloumi, Mozzarella & Parmesan"},{"level0":"Fridge, Deli & Eggs","level1":"Cheese","level2":"Grated Cheese"}],"cateredFlag":false,"algoliaAnalytics":{"searchQueryID":"3859563e26358a9cbfa7daabf1a45d53","searchPosition":851},"boughtBefore":false},{"productId":"5019403-EA-000","brand":"Avalanche","name":"Cafe Style Flat White Coffee Sticks","displayName":"10 x 14g","availability":["IN_STORE","ONLINE"],"saleType":"UNITS","restrictedFlag":false,"liquorFlag":false,"tobaccoFlag":false,"originRegulated":false,"marketingInitiatives":[{"initiativeCode":"AOV"}],"singlePrice":{"price":379,"promoId":"129996182","comparativePrice":{"pricePerUnit":38,"unitQuantity":1,"unitQuantityUom":"ea","measureDescription":"ea"}},"promotions":[{"promoId":"129996182","rewardValue":379,"decal":"6000","sapType":"BASE","rewardType":"NEW_PRICE","threshold":1,"limit":0,"multiProducts":false,"cardDependencyFlag":false,"bestPromotion":true,"comparativePrice":{"pricePerUnit":38,"unitQuantity":1,"unitQuantityUom":"ea","measureDescription":"ea"}}],"categoryTrees":[{"level0":"Hot & Cold Drinks","level1":"Coffee","level2":"Coffee Sachets"}],"cateredFlag":false,"algoliaAnalytics":{"searchQueryID":"3859563e26358a9cbfa7daabf1a45d53","searchPosition":852},"boughtBefore":false},{"productId":"5016868-EA-000","brand":"Yoplait","name":"Greek Style Natural Lite Yoghurt","displayName":"1kg","availability":["IN_STORE","ONLINE"],"saleType":"UNITS","restrictedFlag":false,"liquorFlag":false,"tobaccoFlag":false,"originRegulated":false,"singlePrice":{"price":679,"comparativePrice":{"pricePerUnit":68,"unitQuantity":100,"unitQuantityUom":"g","measureDescription":"100g"}},"facets":[{"itemCode":"00020004","itemDescription":"Gluten Free"},{"itemCode":"00020012","itemDescription":"Non-GMO"}],"categoryTrees":[{"level0":"Fridge, Deli & Eggs","level1":"Yoghurt","level2":"Greek & Natural Yoghurt"},{"level0":"Fridge, Deli & Eggs","level1":"Yoghurt","level2":"Large Yoghurt Tubs"}],"cateredFlag":false,"algoliaAnalytics":{"searchQueryID":"3859563e26358a9cbfa7daabf1a45d53","searchPosition":853},"boughtBefore":false},{"productId":"5013472-EA-000","brand":"Mainland","name":"Smooth & Creamy Colby Cheese","displayName":"1kg","availability":["IN_STORE","ONLINE"],"saleType":"UNITS","restrictedFlag":false,"liquorFlag":false,"tobaccoFlag":false,"originRegulated":false,"singlePrice":{"price":1539,"comparativePrice":{"pricePerUnit":154,"unitQuantity":100,"unitQuantityUom":"g","measureDescription":"100g"}},"facets":[{"itemCode":"00020012","itemDescription":"Non-GMO"}],"categoryTrees":[{"level0":"Fridge, Deli & Eggs","level1":"Cheese","level2":"Everyday Cheese Blocks"}],"cateredFlag":false,"algoliaAnalytics":{"searchQueryID":"3859563e26358a9cbfa7daabf1a45d53","searchPosition":854},"boughtBefore":false},{"productId":"5112185-EA-000","brand":"Biofeel","name":"Frozen Biofeel Plain Probiotic Yogurt Drink","displayName":"5 x 63ml","availability":["IN_STORE","ONLINE"],"saleType":"UNITS","restrictedFlag":false,"liquorFlag":false,"tobaccoFlag":false,"originRegulated":false,"singlePrice":{"price":199,"promoId":"129967918","comparativePrice":{"pricePerUnit":63,"unitQuantity":100,"unitQuantityUom":"ml","measureDescription":"100ml"}},"promotions":[{"promoId":"129967918","rewardValue":199,"decal":"6000","sapType":"BASE","rewardType":"NEW_PRICE","threshold":1,"limit":0,"multiProducts":false,"cardDependencyFlag":false,"bestPromotion":true,"comparativePrice":{"pricePerUnit":63,"unitQuantity":100,"unitQuantityUom":"ml","measureDescription":"100ml"}}],"facets":[{"itemCode":"00020009","itemDescription":"Low Fat"}],"categoryTrees":[{"level0":"Frozen","level1":"Ice Cream & Sorbet","level2":"Multipacks & Single Serve"}],"cateredFlag":false,"algoliaAnalytics":{"searchQueryID":"3859563e26358a9cbfa7daabf1a45d53","searchPosition":855},"boughtBefore":false},{"productId":"5035600-EA-000","brand":"Cadbury","name":"Sharepack Crunchie","displayName":"180g","availability":["IN_STORE","ONLINE"],"saleType":"UNITS","restrictedFlag":false,"liquorFlag":false,"tobaccoFlag":false,"originRegulated":false,"marketingInitiatives":[{"initiativeCode":"AOV"}],"singlePrice":{"price":500,"promoId":"130003262","comparativePrice":{"pricePerUnit":278,"unitQuantity":100,"unitQuantityUom":"g","measureDescription":"100g"}},"promotions":[{"promoId":"130003262","rewardValue":500,"decal":"6000","sapType":"BASE","rewardType":"NEW_PRICE","threshold":1,"limit":0,"multiProducts":false,"cardDependencyFlag":false,"bestPromotion":true,"comparativePrice":{"pricePerUnit":278,"unitQuantity":100,"unitQuantityUom":"g","measureDescription":"100g"}}],"facets":[{"itemCode":"00020012","itemDescription":"Non-GMO"}],"categoryTrees":[{"level0":"Snacks, Treats & Easy Meals","level1":"Chocolate, Sweets & Chewing Gum","level2":"Chocolate Bags & Sharepacks"},{"level0":"Pantry","level1":"Chocolate, Sweets & Chewing Gum","level2":"Chocolate Bags & Sharepacks"},{"level0":"$5 Week 1","level1":"$5 Week 1","level2":"Deals","webContent":{"badgeSmallUrl":"","badgeMediumUrl":"","badgeLargeUrl":"","title":"","subTitle":"","campaignUrl":""},"appContent":{"badgeSmallUrl":"","badgeMediumUrl":"","badgeLargeUrl":"","title":"","subTitle":"","campaignUrl":""}}],"cateredFlag":false,"algoliaAnalytics":{"searchQueryID":"3859563e26358a9cbfa7daabf1a45d53","searchPosition":856},"boughtBefore":false},{"productId":"5025920-EA-000","brand":"Patties","name":"Classic Beef Party Pies","displayName":"560g","availability":["IN_STORE","ONLINE"],"saleType":"UNITS","restrictedFlag":false,"liquorFlag":false,"tobaccoFlag":false,"originRegulated":false,"singlePrice":{"price":729,"comparativePrice":{"pricePerUnit":130,"unitQuantity":100,"unitQuantityUom":"g","measureDescription":"100g"}},"categoryTrees":[{"level0":"Frozen","level1":"Frozen Dumplings, Pies & Snacks","level2":"Frozen Pies"},{"level0":"Snacks, Treats & Easy Meals","level1":"Easy Meals & Meal Kits","level2":"Family Pies & Quiches"}],"cateredFlag":false,"algoliaAnalytics":{"searchQueryID":"3859563e26358a9cbfa7daabf1a45d53","searchPosition":857},"boughtBefore":false},{"productId":"5027795-EA-000","brand":"John West","name":"Chunk Style Tuna In Springwater","displayName":"185g","availability":["IN_STORE","ONLINE"],"saleType":"UNITS","restrictedFlag":false,"liquorFlag":false,"tobaccoFlag":false,"originRegulated":false,"singlePrice":{"price":379,"comparativePrice":{"pricePerUnit":2049,"unitQuantity":1,"unitQuantityUom":"kg","measureDescription":"1kg"}},"facets":[{"itemCode":"00020009","itemDescription":"Low Fat"},{"itemCode":"00020012","itemDescription":"Non-GMO"}],"categoryTrees":[{"level0":"Pantry","level1":"Canned Foods & Packets","level2":"Canned Tuna"}],"cateredFlag":false,"algoliaAnalytics":{"searchQueryID":"3859563e26358a9cbfa7daabf1a45d53","searchPosition":858},"boughtBefore":false},{"productId":"5039782-EA-000","brand":"Daesang","name":"Olive Oil Roasted Green Seaweed Snack","displayName":"40g","availability":["IN_STORE","ONLINE"],"saleType":"UNITS","restrictedFlag":false,"liquorFlag":false,"tobaccoFlag":false,"originRegulated":false,"singlePrice":{"price":649,"comparativePrice":{"pricePerUnit":1623,"unitQuantity":100,"unitQuantityUom":"g","measureDescription":"100g"}},"facets":[{"itemCode":"00020012","itemDescription":"Non-GMO"}],"categoryTrees":[{"level0":"Pantry","level1":"World Foods","level2":"Korean"},{"level0":"Snacks, Treats & Easy Meals","level1":"Chips, Nuts & Snacks","level2":"Vege & Savoury Snacks"},{"level0":"Pantry","level1":"Chips, Nuts & Snacks","level2":"Vege & Savoury Snacks"}],"cateredFlag":false,"algoliaAnalytics":{"searchQueryID":"3859563e26358a9cbfa7daabf1a45d53","searchPosition":859},"boughtBefore":false},{"productId":"5001268-EA-000","brand":"Arataki","name":"Squeeze Me Honey","displayName":"500g","availability":["IN_STORE","ONLINE"],"saleType":"UNITS","restrictedFlag":false,"liquorFlag":false,"tobaccoFlag":false,"originRegulated":false,"singlePrice":{"price":979,"comparativePrice":{"pricePerUnit":196,"unitQuantity":100,"unitQuantityUom":"g","measureDescription":"100g"}},"facets":[{"itemCode":"00020012","itemDescription":"Non-GMO"}],"categoryTrees":[{"level0":"Pantry","level1":"Jams, Honey & Spreads","level2":"Honey"}],"cateredFlag":false,"algoliaAnalytics":{"searchQueryID":"3859563e26358a9cbfa7daabf1a45d53","searchPosition":860},"boughtBefore":false},{"productId":"5009663-EA-000","brand":"Whittaker's","name":"White 28% Cocoa Chocolate Block","displayName":"250g","availability":["IN_STORE","ONLINE"],"saleType":"UNITS","restrictedFlag":false,"liquorFlag":false,"tobaccoFlag":false,"originRegulated":false,"singlePrice":{"price":659,"promoId":"130003244","comparativePrice":{"pricePerUnit":264,"unitQuantity":100,"unitQuantityUom":"g","measureDescription":"100g"}},"promotions":[{"promoId":"130003244","rewardValue":659,"decal":"6000","sapType":"BASE","rewardType":"NEW_PRICE","threshold":1,"limit":0,"multiProducts":false,"cardDependencyFlag":false,"bestPromotion":true,"comparativePrice":{"pricePerUnit":264,"unitQuantity":100,"unitQuantityUom":"g","measureDescription":"100g"}}],"facets":[{"itemCode":"00020012","itemDescription":"Non-GMO"}],"categoryTrees":[{"level0":"Snacks, Treats & Easy Meals","level1":"Chocolate, Sweets & Chewing Gum","level2":"Chocolate Blocks"},{"level0":"Pantry","level1":"Chocolate, Sweets & Chewing Gum","level2":"Chocolate Blocks"}],"cateredFlag":false,"algoliaAnalytics":{"searchQueryID":"3859563e26358a9cbfa7daabf1a45d53","searchPosition":861},"boughtBefore":false},{"productId":"5204519-EA-000","brand":"Pams Value","name":"White Lunch Paper Serviettes","displayName":"100pk","availability":["IN_STORE","ONLINE"],"saleType":"UNITS","restrictedFlag":false,"liquorFlag":false,"tobaccoFlag":false,"originRegulated":false,"singlePrice":{"price":179,"comparativePrice":{"pricePerUnit":179,"unitQuantity":100,"unitQuantityUom":" ","measureDescription":"100"}},"facets":[{"itemCode":"00020012","itemDescription":"Non-GMO"}],"categoryTrees":[{"level0":"Household & Cleaning","level1":"Stationery & Entertainment","level2":"Party Supplies & Tableware"}],"cateredFlag":false,"algoliaAnalytics":{"searchQueryID":"3859563e26358a9cbfa7daabf1a45d53","searchPosition":862},"boughtBefore":false},{"productId":"5029566-EA-000","brand":"Bouton d'or","name":"Reduced Salt Feta Cheese","displayName":"200g","availability":["IN_STORE","ONLINE"],"saleType":"UNITS","restrictedFlag":false,"liquorFlag":false,"tobaccoFlag":false,"originRegulated":false,"singlePrice":{"price":569,"comparativePrice":{"pricePerUnit":285,"unitQuantity":100,"unitQuantityUom":"g","measureDescription":"100g"}},"facets":[{"itemCode":"00020012","itemDescription":"Non-GMO"},{"itemCode":"00020004","itemDescription":"Gluten Free"}],"categoryTrees":[{"level0":"Fridge, Deli & Eggs","level1":"Cheese","level2":"Feta & Goats Cheese"}],"cateredFlag":false,"algoliaAnalytics":{"searchQueryID":"3859563e26358a9cbfa7daabf1a45d53","searchPosition":863},"boughtBefore":false},{"productId":"5278181-EA-000","brand":"Anchor","name":"Calci-Yum Wicked Chocolate Flavoured Dairy Food","displayName":"6 x 125g","availability":["IN_STORE","ONLINE"],"saleType":"UNITS","restrictedFlag":false,"liquorFlag":false,"tobaccoFlag":false,"originRegulated":false,"singlePrice":{"price":549,"comparativePrice":{"pricePerUnit":73,"unitQuantity":100,"unitQuantityUom":"g","measureDescription":"100g"}},"facets":[{"itemCode":"00020012","itemDescription":"Non-GMO"}],"categoryTrees":[{"level0":"Fridge, Deli & Eggs","level1":"Yoghurt","level2":"Yoghurt Multi Packs & Single Serve"},{"level0":"Snacks, Treats & Easy Meals","level1":"Lunchbox Snacks","level2":"Yoghurt Pouches & Single Serve"}],"cateredFlag":false,"algoliaAnalytics":{"searchQueryID":"3859563e26358a9cbfa7daabf1a45d53","searchPosition":864},"boughtBefore":false},{"productId":"5019432-EA-000","brand":"Mexicano","name":"Tasty Salsa Corn Chips","displayName":"300g","availability":["IN_STORE","ONLINE"],"saleType":"UNITS","restrictedFlag":false,"liquorFlag":false,"tobaccoFlag":false,"originRegulated":false,"singlePrice":{"price":399,"comparativePrice":{"pricePerUnit":133,"unitQuantity":100,"unitQuantityUom":"g","measureDescription":"100g"}},"categoryTrees":[{"level0":"Snacks, Treats & Easy Meals","level1":"Chips, Nuts & Snacks","level2":"Corn Chips & Salsa"},{"level0":"Pantry","level1":"Chips, Nuts & Snacks","level2":"Corn Chips & Salsa"}],"cateredFlag":false,"algoliaAnalytics":{"searchQueryID":"3859563e26358a9cbfa7daabf1a45d53","searchPosition":865},"boughtBefore":false},{"productId":"5092380-EA-000","brand":"Pringles","name":"BBQ Potato Chips","displayName":"134g","availability":["IN_STORE","ONLINE"],"saleType":"UNITS","restrictedFlag":false,"liquorFlag":false,"tobaccoFlag":false,"originRegulated":false,"singlePrice":{"price":379,"comparativePrice":{"pricePerUnit":283,"unitQuantity":100,"unitQuantityUom":"g","measureDescription":"100g"}},"facets":[{"itemCode":"00020012","itemDescription":"Non-GMO"}],"categoryTrees":[{"level0":"Snacks, Treats & Easy Meals","level1":"Chips, Nuts & Snacks","level2":"Chips"},{"level0":"Pantry","level1":"Chips, Nuts & Snacks","level2":"Chips"}],"cateredFlag":false,"algoliaAnalytics":{"searchQueryID":"3859563e26358a9cbfa7daabf1a45d53","searchPosition":866},"boughtBefore":false},{"productId":"5030434-EA-000","brand":"Anchor","name":"Calci-Yum Favourites Dairy Food","displayName":"12 x 100g","availability":["IN_STORE","ONLINE"],"saleType":"UNITS","restrictedFlag":false,"liquorFlag":false,"tobaccoFlag":false,"originRegulated":false,"singlePrice":{"price":699,"promoId":"129964347","comparativePrice":{"pricePerUnit":58,"unitQuantity":100,"unitQuantityUom":"g","measureDescription":"100g"}},"promotions":[{"promoId":"129964347","rewardValue":699,"decal":"6000","sapType":"BASE","rewardType":"NEW_PRICE","threshold":1,"limit":0,"multiProducts":false,"cardDependencyFlag":false,"bestPromotion":true,"comparativePrice":{"pricePerUnit":58,"unitQuantity":100,"unitQuantityUom":"g","measureDescription":"100g"}}],"facets":[{"itemCode":"00020012","itemDescription":"Non-GMO"}],"categoryTrees":[{"level0":"Fridge, Deli & Eggs","level1":"Yoghurt","level2":"Yoghurt Multi Packs & Single Serve"},{"level0":"Snacks, Treats & Easy Meals","level1":"Lunchbox Snacks","level2":"Yoghurt Pouches & Single Serve"}],"cateredFlag":false,"algoliaAnalytics":{"searchQueryID":"3859563e26358a9cbfa7daabf1a45d53","searchPosition":867},"boughtBefore":false},{"productId":"5003323-EA-000","brand":"Arnott's","name":"Country Cheese Crackers","displayName":"250g","availability":["IN_STORE","ONLINE"],"saleType":"UNITS","restrictedFlag":false,"liquorFlag":false,"tobaccoFlag":false,"originRegulated":false,"singlePrice":{"price":399,"comparativePrice":{"pricePerUnit":160,"unitQuantity":100,"unitQuantityUom":"g","measureDescription":"100g"}},"facets":[{"itemCode":"00020012","itemDescription":"Non-GMO"}],"categoryTrees":[{"level0":"Pantry","level1":"Biscuits & Crackers","level2":"Crackers"},{"level0":"Featured","level1":"Back to School","level2":"Lunchbox Snacks","webContent":{"badgeSmallUrl":"","badgeMediumUrl":"","badgeLargeUrl":"","title":"","subTitle":"","campaignUrl":""},"appContent":{"badgeSmallUrl":"","badgeMediumUrl":"","badgeLargeUrl":"","title":"","subTitle":"","campaignUrl":""}}],"cateredFlag":false,"algoliaAnalytics":{"searchQueryID":"3859563e26358a9cbfa7daabf1a45d53","searchPosition":868},"boughtBefore":false},{"productId":"5025921-EA-000","brand":"Griffin's","name":"Superwine Biscuits","displayName":"500g","availability":["IN_STORE","ONLINE"],"saleType":"UNITS","restrictedFlag":false,"liquorFlag":false,"tobaccoFlag":false,"originRegulated":false,"singlePrice":{"price":579,"comparativePrice":{"pricePerUnit":116,"unitQuantity":100,"unitQuantityUom":"g","measureDescription":"100g"}},"facets":[{"itemCode":"00020012","itemDescription":"Non-GMO"}],"categoryTrees":[{"level0":"Pantry","level1":"Biscuits & Crackers","level2":"Plain Biscuits"}],"cateredFlag":false,"algoliaAnalytics":{"searchQueryID":"3859563e26358a9cbfa7daabf1a45d53","searchPosition":869},"boughtBefore":false},{"productId":"5230958-EA-000","brand":"Pams","name":"Beef Chicken & Vegetable Flavour Cat Kibble","displayName":"1kg","availability":["IN_STORE","ONLINE"],"saleType":"UNITS","restrictedFlag":false,"liquorFlag":false,"tobaccoFlag":false,"originRegulated":false,"singlePrice":{"price":469,"comparativePrice":{"pricePerUnit":47,"unitQuantity":100,"unitQuantityUom":"g","measureDescription":"100g"}},"facets":[{"itemCode":"00020012","itemDescription":"Non-GMO"}],"categoryTrees":[{"level0":"Pets","level1":"Cat","level2":"Dry Cat Food"},{"level0":"Featured","level1":"Pams","level2":"Pet Supplies"}],"cateredFlag":false,"algoliaAnalytics":{"searchQueryID":"3859563e26358a9cbfa7daabf1a45d53","searchPosition":870},"boughtBefore":false},{"productId":"5037815-EA-000","brand":"Pams","name":"Streaky Bacon","displayName":"500g","availability":["IN_STORE","ONLINE"],"saleType":"UNITS","restrictedFlag":false,"liquorFlag":false,"tobaccoFlag":false,"originRegulated":true,"originStatement":"Made in New Zealand; Belgium; Denmark; Finland; Germany; Poland; Spain; Made in NZ from pigs raised in one or more of the following countries: Belgium, Denmark, Finland, Germany, Poland, Spain","singlePrice":{"price":999,"promoId":"129998453","comparativePrice":{"pricePerUnit":1998,"unitQuantity":1,"unitQuantityUom":"kg","measureDescription":"1kg"}},"promotions":[{"promoId":"129998453","rewardValue":999,"decal":"6000","sapType":"BASE","rewardType":"NEW_PRICE","threshold":1,"limit":0,"multiProducts":false,"cardDependencyFlag":false,"bestPromotion":true,"comparativePrice":{"pricePerUnit":1998,"unitQuantity":1,"unitQuantityUom":"kg","measureDescription":"1kg"}}],"facets":[{"itemCode":"00020012","itemDescription":"Non-GMO"},{"itemCode":"00020007","itemDescription":"Dairy Free"}],"categoryTrees":[{"level0":"Fridge, Deli & Eggs","level1":"Deli Meats & Smoked Fish","level2":"Bacon"},{"level0":"Meat, Poultry & Seafood","level1":"Deli Meats","level2":"Bacon"}],"cateredFlag":false,"algoliaAnalytics":{"searchQueryID":"3859563e26358a9cbfa7daabf1a45d53","searchPosition":871},"boughtBefore":false},{"productId":"5002126-EA-000","brand":"Wattie's","name":"Mexican Style Tomatoes","displayName":"400g","availability":["IN_STORE","ONLINE"],"saleType":"UNITS","restrictedFlag":false,"liquorFlag":false,"tobaccoFlag":false,"originRegulated":false,"singlePrice":{"price":239,"comparativePrice":{"pricePerUnit":598,"unitQuantity":1,"unitQuantityUom":"kg","measureDescription":"1kg"}},"facets":[{"itemCode":"00020012","itemDescription":"Non-GMO"},{"itemCode":"00020009","itemDescription":"Low Fat"}],"categoryTrees":[{"level0":"Pantry","level1":"Canned Foods & Packets","level2":"Canned Tomatoes"}],"cateredFlag":false,"algoliaAnalytics":{"searchQueryID":"3859563e26358a9cbfa7daabf1a45d53","searchPosition":872},"boughtBefore":false},{"productId":"5255397-EA-000","brand":"Wrigley's Eclipse","name":"Peppermint Sugarfree Mints","displayName":"40g","availability":["IN_STORE","ONLINE"],"saleType":"UNITS","restrictedFlag":false,"liquorFlag":false,"tobaccoFlag":false,"originRegulated":false,"singlePrice":{"price":379,"promoId":"129877753","comparativePrice":{"pricePerUnit":948,"unitQuantity":100,"unitQuantityUom":"g","measureDescription":"100g"}},"promotions":[{"promoId":"129877753","rewardValue":379,"decal":"7000","sapType":"BASE","rewardType":"NEW_PRICE","threshold":1,"limit":0,"multiProducts":false,"cardDependencyFlag":false,"bestPromotion":true,"comparativePrice":{"pricePerUnit":948,"unitQuantity":100,"unitQuantityUom":"g","measureDescription":"100g"}}],"facets":[{"itemCode":"00020011","itemDescription":"Low Sugar"}],"categoryTrees":[{"level0":"Snacks, Treats & Easy Meals","level1":"Chocolate, Sweets & Chewing Gum","level2":"Chewing Gum & Mints"},{"level0":"Pantry","level1":"Chocolate, Sweets & Chewing Gum","level2":"Chewing Gum & Mints"}],"cateredFlag":false,"algoliaAnalytics":{"searchQueryID":"3859563e26358a9cbfa7daabf1a45d53","searchPosition":873},"boughtBefore":false},{"productId":"5002377-EA-000","brand":"Dole","name":"Pineapple Chunks In Juice","displayName":"432g","availability":["IN_STORE","ONLINE"],"saleType":"UNITS","restrictedFlag":false,"liquorFlag":false,"tobaccoFlag":false,"originRegulated":false,"singlePrice":{"price":299,"comparativePrice":{"pricePerUnit":692,"unitQuantity":1,"unitQuantityUom":"kg","measureDescription":"1kg"}},"facets":[{"itemCode":"00020011","itemDescription":"Low Sugar"},{"itemCode":"00020004","itemDescription":"Gluten Free"}],"categoryTrees":[{"level0":"Pantry","level1":"Canned Foods & Packets","level2":"Canned Fruit"}],"cateredFlag":false,"algoliaAnalytics":{"searchQueryID":"3859563e26358a9cbfa7daabf1a45d53","searchPosition":874},"boughtBefore":false},{"productId":"5010436-EA-000","brand":"Griffin's MallowPuffs","name":"Double Chocolate Biscuits","displayName":"200g","availability":["IN_STORE","ONLINE"],"saleType":"UNITS","restrictedFlag":false,"liquorFlag":false,"tobaccoFlag":false,"originRegulated":false,"singlePrice":{"price":349,"promoId":"129963758","comparativePrice":{"pricePerUnit":175,"unitQuantity":100,"unitQuantityUom":"g","measureDescription":"100g"}},"promotions":[{"promoId":"129963758","rewardValue":349,"decal":"6000","sapType":"BASE","rewardType":"NEW_PRICE","threshold":1,"limit":0,"multiProducts":false,"cardDependencyFlag":false,"bestPromotion":true,"comparativePrice":{"pricePerUnit":175,"unitQuantity":100,"unitQuantityUom":"g","measureDescription":"100g"}}],"facets":[{"itemCode":"00020012","itemDescription":"Non-GMO"}],"categoryTrees":[{"level0":"Pantry","level1":"Biscuits & Crackers","level2":"Chocolate Biscuits & Cookies"}],"cateredFlag":false,"algoliaAnalytics":{"searchQueryID":"3859563e26358a9cbfa7daabf1a45d53","searchPosition":875},"boughtBefore":false},{"productId":"5003663-EA-000","brand":"Pams","name":"Baked Beans In Rich Tomato Sauce","displayName":"420g","availability":["IN_STORE","ONLINE"],"saleType":"UNITS","restrictedFlag":false,"liquorFlag":false,"tobaccoFlag":false,"originRegulated":false,"singlePrice":{"price":89,"comparativePrice":{"pricePerUnit":21,"unitQuantity":100,"unitQuantityUom":"g","measureDescription":"100g"}},"facets":[{"itemCode":"00020009","itemDescription":"Low Fat"},{"itemCode":"00020012","itemDescription":"Non-GMO"}],"categoryTrees":[{"level0":"Pantry","level1":"Canned Foods & Packets","level2":"Baked Beans & Spaghetti"}],"cateredFlag":false,"algoliaAnalytics":{"searchQueryID":"3859563e26358a9cbfa7daabf1a45d53","searchPosition":876},"boughtBefore":false},{"productId":"5003815-EA-000","brand":"Pams","name":"Smooth Peanut Butter","displayName":"1kg","availability":["IN_STORE","ONLINE"],"saleType":"UNITS","restrictedFlag":false,"liquorFlag":false,"tobaccoFlag":false,"originRegulated":false,"singlePrice":{"price":499,"comparativePrice":{"pricePerUnit":50,"unitQuantity":100,"unitQuantityUom":"g","measureDescription":"100g"}},"facets":[{"itemCode":"00020007","itemDescription":"Dairy Free"},{"itemCode":"00020012","itemDescription":"Non-GMO"},{"itemCode":"00020011","itemDescription":"Low Sugar"}],"categoryTrees":[{"level0":"Pantry","level1":"Jams, Honey & Spreads","level2":"Peanut & Nut Butter"},{"level0":"Featured","level1":"Pams","level2":"Jams, Honey & Spreads"}],"cateredFlag":false,"algoliaAnalytics":{"searchQueryID":"3859563e26358a9cbfa7daabf1a45d53","searchPosition":877},"boughtBefore":false},{"productId":"5034682-EA-000","brand":"Pams","name":"Panko Breadcrumbs","displayName":"220g","availability":["IN_STORE","ONLINE"],"saleType":"UNITS","restrictedFlag":false,"liquorFlag":false,"tobaccoFlag":false,"originRegulated":false,"singlePrice":{"price":269,"comparativePrice":{"pricePerUnit":122,"unitQuantity":100,"unitQuantityUom":"g","measureDescription":"100g"}},"facets":[{"itemCode":"00020012","itemDescription":"Non-GMO"}],"categoryTrees":[{"level0":"Pantry","level1":"Spices, Seasoning & Coatings","level2":"Breadcrumbs, Coatings & Stuffings"},{"level0":"Featured","level1":"Pams","level2":"Baking Supplies & Sugar"}],"cateredFlag":false,"algoliaAnalytics":{"searchQueryID":"3859563e26358a9cbfa7daabf1a45d53","searchPosition":878},"boughtBefore":false},{"productId":"5023039-EA-000","brand":"Griffin's","name":"Munchos Spicy Tomato Cereal Snacks","displayName":"100g","availability":["IN_STORE","ONLINE"],"saleType":"UNITS","restrictedFlag":false,"liquorFlag":false,"tobaccoFlag":false,"originRegulated":false,"singlePrice":{"price":269,"promoId":"129967785","comparativePrice":{"pricePerUnit":269,"unitQuantity":100,"unitQuantityUom":"g","measureDescription":"100g"}},"promotions":[{"promoId":"129967785","rewardValue":269,"decal":"7000","sapType":"BASE","rewardType":"NEW_PRICE","threshold":1,"limit":0,"multiProducts":false,"cardDependencyFlag":false,"bestPromotion":true,"comparativePrice":{"pricePerUnit":269,"unitQuantity":100,"unitQuantityUom":"g","measureDescription":"100g"}}],"facets":[{"itemCode":"00020012","itemDescription":"Non-GMO"}],"categoryTrees":[{"level0":"Snacks, Treats & Easy Meals","level1":"Chips, Nuts & Snacks","level2":"Chips"},{"level0":"Pantry","level1":"Chips, Nuts & Snacks","level2":"Chips"}],"cateredFlag":false,"algoliaAnalytics":{"searchQueryID":"3859563e26358a9cbfa7daabf1a45d53","searchPosition":879},"boughtBefore":false},{"productId":"5026621-EA-000","brand":"The Laughing Cow","name":"Original Cheese Wedges","displayName":"8 x 16g","availability":["IN_STORE","ONLINE"],"saleType":"UNITS","restrictedFlag":false,"liquorFlag":false,"tobaccoFlag":false,"originRegulated":false,"singlePrice":{"price":519,"comparativePrice":{"pricePerUnit":405,"unitQuantity":100,"unitQuantityUom":"g","measureDescription":"100g"}},"facets":[{"itemCode":"00020014","itemDescription":"Vegetarian"}],"categoryTrees":[{"level0":"Fridge, Deli & Eggs","level1":"Cheese","level2":"Lunchbox & Snacking Cheese"},{"level0":"Snacks, Treats & Easy Meals","level1":"Lunchbox Snacks","level2":"Snacking Cheese"}],"cateredFlag":false,"algoliaAnalytics":{"searchQueryID":"3859563e26358a9cbfa7daabf1a45d53","searchPosition":880},"boughtBefore":false},{"productId":"5006193-EA-000","brand":"Pams","name":"Crispy Crumbed Chicken Burgers","displayName":"1kg","availability":["IN_STORE","ONLINE"],"saleType":"UNITS","restrictedFlag":false,"liquorFlag":false,"tobaccoFlag":false,"originRegulated":false,"singlePrice":{"price":1099,"comparativePrice":{"pricePerUnit":1099,"unitQuantity":1,"unitQuantityUom":"kg","measureDescription":"1kg"}},"facets":[{"itemCode":"00020006","itemDescription":"Cage Free"},{"itemCode":"00020012","itemDescription":"Non-GMO"}],"categoryTrees":[{"level0":"Frozen","level1":"Frozen Chicken & Meat","level2":"Frozen Burger Patties"},{"level0":"Frozen","level1":"Frozen Chicken & Meat","level2":"Frozen Coated Chicken & Nuggets"}],"cateredFlag":false,"algoliaAnalytics":{"searchQueryID":"3859563e26358a9cbfa7daabf1a45d53","searchPosition":881},"boughtBefore":false},{"productId":"5283362-EA-000","brand":"V","name":"Zero Sugar Blue Guarana Energy Drink","displayName":"500ml","availability":["IN_STORE","ONLINE"],"saleType":"UNITS","restrictedFlag":false,"liquorFlag":false,"tobaccoFlag":false,"originRegulated":false,"singlePrice":{"price":299,"comparativePrice":{"pricePerUnit":598,"unitQuantity":1,"unitQuantityUom":"L","measureDescription":"1L"}},"facets":[{"itemCode":"00020012","itemDescription":"Non-GMO"},{"itemCode":"00020011","itemDescription":"Low Sugar"}],"categoryTrees":[{"level0":"Hot & Cold Drinks","level1":"Sports & Energy Drinks","level2":"Energy Drinks"}],"cateredFlag":false,"algoliaAnalytics":{"searchQueryID":"3859563e26358a9cbfa7daabf1a45d53","searchPosition":882},"boughtBefore":false},{"productId":"5010547-EA-000","brand":"Trident","name":"Original Sweet Chilli Sauce","displayName":"285ml","availability":["IN_STORE","ONLINE"],"saleType":"UNITS","restrictedFlag":false,"liquorFlag":false,"tobaccoFlag":false,"originRegulated":false,"singlePrice":{"price":279,"comparativePrice":{"pricePerUnit":98,"unitQuantity":100,"unitQuantityUom":"ml","measureDescription":"100ml"}},"facets":[{"itemCode":"00020004","itemDescription":"Gluten Free"}],"categoryTrees":[{"level0":"Pantry","level1":"Table Sauces, Dressings & Condiments","level2":"Sweet Chilli & Hot Sauce"}],"cateredFlag":false,"algoliaAnalytics":{"searchQueryID":"3859563e26358a9cbfa7daabf1a45d53","searchPosition":883},"boughtBefore":false},{"productId":"5001439-EA-000","brand":"McCoy","name":"Cranberry Premium Fruit Juice","displayName":"1l","availability":["IN_STORE","ONLINE"],"saleType":"UNITS","restrictedFlag":false,"liquorFlag":false,"tobaccoFlag":false,"originRegulated":false,"singlePrice":{"price":389,"comparativePrice":{"pricePerUnit":389,"unitQuantity":1,"unitQuantityUom":"L","measureDescription":"1L"}},"facets":[{"itemCode":"00020012","itemDescription":"Non-GMO"}],"categoryTrees":[{"level0":"Hot & Cold Drinks","level1":"Juice & Smoothies","level2":"Fruit Juice"}],"cateredFlag":false,"algoliaAnalytics":{"searchQueryID":"3859563e26358a9cbfa7daabf1a45d53","searchPosition":884},"boughtBefore":false},{"productId":"5285117-EA-000","brand":"Arnott's Farmbake","name":"Choc Chip Fudge Biscuits","displayName":"310g","availability":["IN_STORE","ONLINE"],"saleType":"UNITS","restrictedFlag":false,"liquorFlag":false,"tobaccoFlag":false,"originRegulated":false,"singlePrice":{"price":339,"comparativePrice":{"pricePerUnit":109,"unitQuantity":100,"unitQuantityUom":"g","measureDescription":"100g"}},"facets":[{"itemCode":"00020012","itemDescription":"Non-GMO"}],"categoryTrees":[{"level0":"Pantry","level1":"Biscuits & Crackers","level2":"Chocolate Biscuits & Cookies"}],"cateredFlag":false,"algoliaAnalytics":{"searchQueryID":"3859563e26358a9cbfa7daabf1a45d53","searchPosition":885},"boughtBefore":false},{"productId":"5005222-EA-000","brand":"Bundaberg","name":"Ginger Beer","displayName":"4 x 375ml","availability":["IN_STORE","ONLINE"],"saleType":"UNITS","restrictedFlag":false,"liquorFlag":false,"tobaccoFlag":false,"originRegulated":false,"singlePrice":{"price":810,"comparativePrice":{"pricePerUnit":540,"unitQuantity":1,"unitQuantityUom":"L","measureDescription":"1L"}},"categoryTrees":[{"level0":"Hot & Cold Drinks","level1":"Soft Drinks & Mixers","level2":"Ginger Beer"}],"cateredFlag":false,"algoliaAnalytics":{"searchQueryID":"3859563e26358a9cbfa7daabf1a45d53","searchPosition":886},"boughtBefore":false},{"productId":"5019876-EA-000","brand":"Pic's","name":"Smooth Peanut Butter","displayName":"380g","availability":["IN_STORE","ONLINE"],"saleType":"UNITS","restrictedFlag":false,"liquorFlag":false,"tobaccoFlag":false,"originRegulated":false,"singlePrice":{"price":679,"comparativePrice":{"pricePerUnit":179,"unitQuantity":100,"unitQuantityUom":"g","measureDescription":"100g"}},"facets":[{"itemCode":"00020004","itemDescription":"Gluten Free"},{"itemCode":"00020011","itemDescription":"Low Sugar"}],"categoryTrees":[{"level0":"Pantry","level1":"Jams, Honey & Spreads","level2":"Peanut & Nut Butter"},{"level0":"Featured","level1":"Back to School","level2":"Back to School Lunches","webContent":{"badgeSmallUrl":"","badgeMediumUrl":"","badgeLargeUrl":"","title":"","subTitle":"","campaignUrl":""},"appContent":{"badgeSmallUrl":"","badgeMediumUrl":"","badgeLargeUrl":"","title":"","subTitle":"","campaignUrl":""}}],"cateredFlag":false,"algoliaAnalytics":{"searchQueryID":"3859563e26358a9cbfa7daabf1a45d53","searchPosition":887},"boughtBefore":false},{"productId":"5016216-EA-000","brand":"Dine","name":"Classic Collection Saucy Morsels With Tuna Mornay & Cheese Wet Cat Food","displayName":"85g","availability":["IN_STORE","ONLINE"],"saleType":"UNITS","restrictedFlag":false,"liquorFlag":false,"tobaccoFlag":false,"originRegulated":false,"singlePrice":{"price":159,"comparativePrice":{"pricePerUnit":187,"unitQuantity":100,"unitQuantityUom":"g","measureDescription":"100g"}},"categoryTrees":[{"level0":"Pets","level1":"Cat","level2":"Wet Cat Food"}],"cateredFlag":false,"algoliaAnalytics":{"searchQueryID":"3859563e26358a9cbfa7daabf1a45d53","searchPosition":888},"boughtBefore":false},{"productId":"5004258-EA-000","brand":"Eta","name":"Salted Peanuts","displayName":"200g","availability":["IN_STORE","ONLINE"],"saleType":"UNITS","restrictedFlag":false,"liquorFlag":false,"tobaccoFlag":false,"originRegulated":false,"singlePrice":{"price":269,"promoId":"129969817","comparativePrice":{"pricePerUnit":135,"unitQuantity":100,"unitQuantityUom":"g","measureDescription":"100g"}},"promotions":[{"promoId":"129969817","rewardValue":269,"decal":"6000","sapType":"BASE","rewardType":"NEW_PRICE","threshold":1,"limit":0,"multiProducts":false,"cardDependencyFlag":false,"bestPromotion":true,"comparativePrice":{"pricePerUnit":135,"unitQuantity":100,"unitQuantityUom":"g","measureDescription":"100g"}}],"facets":[{"itemCode":"00020012","itemDescription":"Non-GMO"}],"categoryTrees":[{"level0":"Snacks, Treats & Easy Meals","level1":"Chips, Nuts & Snacks","level2":"Nuts & Trail Mixes"},{"level0":"Pantry","level1":"Chips, Nuts & Snacks","level2":"Nuts & Trail Mixes"}],"cateredFlag":false,"algoliaAnalytics":{"searchQueryID":"3859563e26358a9cbfa7daabf1a45d53","searchPosition":889},"boughtBefore":false},{"productId":"5270411-EA-000","brand":"Jif","name":"Cleanboost Lemon Cream Cleanser","displayName":"500ml","availability":["IN_STORE","ONLINE"],"saleType":"UNITS","restrictedFlag":false,"liquorFlag":false,"tobaccoFlag":false,"originRegulated":false,"singlePrice":{"price":479,"comparativePrice":{"pricePerUnit":96,"unitQuantity":100,"unitQuantityUom":"ml","measureDescription":"100ml"}},"categoryTrees":[{"level0":"Household & Cleaning","level1":"Cleaning & Accessories","level2":"Multi-Purpose Cleaners & Spray"}],"cateredFlag":false,"algoliaAnalytics":{"searchQueryID":"3859563e26358a9cbfa7daabf1a45d53","searchPosition":890},"boughtBefore":false},{"productId":"5004938-EA-000","brand":"Pams","name":"High Grade Flour","displayName":"5kg","availability":["IN_STORE","ONLINE"],"saleType":"UNITS","restrictedFlag":false,"liquorFlag":false,"tobaccoFlag":false,"originRegulated":false,"singlePrice":{"price":699,"comparativePrice":{"pricePerUnit":14,"unitQuantity":100,"unitQuantityUom":"g","measureDescription":"100g"}},"facets":[{"itemCode":"00020002","itemDescription":"Halal"},{"itemCode":"00020012","itemDescription":"Non-GMO"},{"itemCode":"00020007","itemDescription":"Dairy Free"}],"categoryTrees":[{"level0":"Pantry","level1":"Baking Supplies & Sugar","level2":"Flour"},{"level0":"Featured","level1":"Pams","level2":"Baking Supplies & Sugar"}],"cateredFlag":false,"algoliaAnalytics":{"searchQueryID":"3859563e26358a9cbfa7daabf1a45d53","searchPosition":891},"boughtBefore":false},{"productId":"5016678-EA-000","brand":"Farrah's","name":"Wraps Premium White","displayName":"6pk","availability":["IN_STORE","ONLINE"],"saleType":"UNITS","restrictedFlag":false,"liquorFlag":false,"tobaccoFlag":false,"originRegulated":false,"singlePrice":{"price":529,"promoId":"129967043","comparativePrice":{"pricePerUnit":88,"unitQuantity":1,"unitQuantityUom":"ea","measureDescription":"ea"}},"promotions":[{"promoId":"129967043","rewardValue":529,"decal":"6000","sapType":"BASE","rewardType":"NEW_PRICE","threshold":1,"limit":0,"multiProducts":false,"cardDependencyFlag":false,"bestPromotion":true,"comparativePrice":{"pricePerUnit":88,"unitQuantity":1,"unitQuantityUom":"ea","measureDescription":"ea"}}],"facets":[{"itemCode":"00020002","itemDescription":"Halal"},{"itemCode":"00020007","itemDescription":"Dairy Free"}],"categoryTrees":[{"level0":"Bakery","level1":"Wraps, Pita & Flat Bread","level2":"Wraps & Tortillas"},{"level0":"Featured","level1":"Back to School","level2":"Back to School Lunches","webContent":{"badgeSmallUrl":"","badgeMediumUrl":"","badgeLargeUrl":"","title":"","subTitle":"","campaignUrl":""},"appContent":{"badgeSmallUrl":"","badgeMediumUrl":"","badgeLargeUrl":"","title":"","subTitle":"","campaignUrl":""}}],"cateredFlag":false,"algoliaAnalytics":{"searchQueryID":"3859563e26358a9cbfa7daabf1a45d53","searchPosition":892},"boughtBefore":false},{"productId":"5002637-EA-000","brand":"King's Choice","name":"Highland Basmati Aromatic Long Grain Rice","displayName":"1kg","availability":["IN_STORE","ONLINE"],"saleType":"UNITS","restrictedFlag":false,"liquorFlag":false,"tobaccoFlag":false,"originRegulated":false,"singlePrice":{"price":369,"comparativePrice":{"pricePerUnit":37,"unitQuantity":100,"unitQuantityUom":"g","measureDescription":"100g"}},"facets":[{"itemCode":"00020012","itemDescription":"Non-GMO"}],"categoryTrees":[{"level0":"Pantry","level1":"Pasta, Rice & Noodles","level2":"Rice"}],"cateredFlag":false,"algoliaAnalytics":{"searchQueryID":"3859563e26358a9cbfa7daabf1a45d53","searchPosition":893},"boughtBefore":false},{"productId":"5004907-EA-000","brand":"Pams","name":"Lemon Pepper Tuna","displayName":"185g","availability":["IN_STORE","ONLINE"],"saleType":"UNITS","restrictedFlag":false,"liquorFlag":false,"tobaccoFlag":false,"originRegulated":false,"singlePrice":{"price":239,"comparativePrice":{"pricePerUnit":1292,"unitQuantity":1,"unitQuantityUom":"kg","measureDescription":"1kg"}},"facets":[{"itemCode":"00020007","itemDescription":"Dairy Free"},{"itemCode":"00020012","itemDescription":"Non-GMO"}],"categoryTrees":[{"level0":"Pantry","level1":"Canned Foods & Packets","level2":"Canned Tuna"},{"level0":"Featured","level1":"Pams","level2":"Canned & Prepared Foods"}],"cateredFlag":false,"algoliaAnalytics":{"searchQueryID":"3859563e26358a9cbfa7daabf1a45d53","searchPosition":894},"boughtBefore":false},{"productId":"5033827-EA-000","brand":"Surf","name":"Tropical Laundry Liquid","displayName":"2l","availability":["IN_STORE","ONLINE"],"saleType":"UNITS","restrictedFlag":false,"liquorFlag":false,"tobaccoFlag":false,"originRegulated":false,"singlePrice":{"price":1399,"comparativePrice":{"pricePerUnit":70,"unitQuantity":100,"unitQuantityUom":"ml","measureDescription":"100ml"}},"facets":[{"itemCode":"00020012","itemDescription":"Non-GMO"}],"categoryTrees":[{"level0":"Household & Cleaning","level1":"Laundry","level2":"Laundry Liquid & Capsules"}],"cateredFlag":false,"algoliaAnalytics":{"searchQueryID":"3859563e26358a9cbfa7daabf1a45d53","searchPosition":895},"boughtBefore":false},{"productId":"5003745-EA-000","brand":"Pams","name":"Extra Virgin Olive Oil","displayName":"500ml","availability":["IN_STORE","ONLINE"],"saleType":"UNITS","restrictedFlag":false,"liquorFlag":false,"tobaccoFlag":false,"originRegulated":false,"singlePrice":{"price":799,"comparativePrice":{"pricePerUnit":160,"unitQuantity":100,"unitQuantityUom":"ml","measureDescription":"100ml"}},"facets":[{"itemCode":"00020002","itemDescription":"Halal"},{"itemCode":"00020012","itemDescription":"Non-GMO"},{"itemCode":"00020004","itemDescription":"Gluten Free"},{"itemCode":"00020007","itemDescription":"Dairy Free"}],"categoryTrees":[{"level0":"Pantry","level1":"Oil & Vinegar","level2":"Olive & Avocado Oil"},{"level0":"Featured","level1":"Pams","level2":"Salad & Cooking Oils"}],"cateredFlag":false,"algoliaAnalytics":{"searchQueryID":"3859563e26358a9cbfa7daabf1a45d53","searchPosition":896},"boughtBefore":false},{"productId":"5247856-EA-000","brand":"Pascall","name":"Minties","displayName":"170g","availability":["IN_STORE","ONLINE"],"saleType":"UNITS","restrictedFlag":false,"liquorFlag":false,"tobaccoFlag":false,"originRegulated":false,"singlePrice":{"price":219,"comparativePrice":{"pricePerUnit":129,"unitQuantity":100,"unitQuantityUom":"g","measureDescription":"100g"}},"facets":[{"itemCode":"00020012","itemDescription":"Non-GMO"}],"categoryTrees":[{"level0":"Snacks, Treats & Easy Meals","level1":"Chocolate, Sweets & Chewing Gum","level2":"Chewing Gum & Mints"},{"level0":"Pantry","level1":"Chocolate, Sweets & Chewing Gum","level2":"Chewing Gum & Mints"},{"level0":"Snacks, Treats & Easy Meals","level1":"Chocolate, Sweets & Chewing Gum","level2":"Lollies, Sweets & Licorice"},{"level0":"Pantry","level1":"Chocolate, Sweets & Chewing Gum","level2":"Lollies, Sweets & Licorice"}],"cateredFlag":false,"algoliaAnalytics":{"searchQueryID":"3859563e26358a9cbfa7daabf1a45d53","searchPosition":897},"boughtBefore":false},{"productId":"5017361-EA-000","brand":"John West","name":"Chunk Style Tuna Chilli Lime & Ginger","displayName":"95g","availability":["IN_STORE","ONLINE"],"saleType":"UNITS","restrictedFlag":false,"liquorFlag":false,"tobaccoFlag":false,"originRegulated":false,"singlePrice":{"price":199,"promoId":"129993939","comparativePrice":{"pricePerUnit":2095,"unitQuantity":1,"unitQuantityUom":"kg","measureDescription":"1kg"}},"promotions":[{"promoId":"129993941","rewardValue":600,"decal":"6000","sapType":"LAYERED","rewardType":"NEW_PRICE","threshold":4,"multiProducts":true,"cardDependencyFlag":false,"bestPromotion":true,"comparativePrice":{"pricePerUnit":1579,"unitQuantity":1,"unitQuantityUom":"kg","measureDescription":"1kg"}}],"categoryTrees":[{"level0":"Pantry","level1":"Canned Foods & Packets","level2":"Canned Tuna"}],"cateredFlag":false,"algoliaAnalytics":{"searchQueryID":"3859563e26358a9cbfa7daabf1a45d53","searchPosition":898},"boughtBefore":false},{"productId":"5202435-EA-000","brand":"Avalanche","name":"Cafe Style Cappuccino Coffee Sticks","displayName":"10 x 16g","availability":["IN_STORE","ONLINE"],"saleType":"UNITS","restrictedFlag":false,"liquorFlag":false,"tobaccoFlag":false,"originRegulated":false,"singlePrice":{"price":379,"promoId":"129996182","comparativePrice":{"pricePerUnit":38,"unitQuantity":1,"unitQuantityUom":"ea","measureDescription":"ea"}},"promotions":[{"promoId":"129996182","rewardValue":379,"decal":"6000","sapType":"BASE","rewardType":"NEW_PRICE","threshold":1,"limit":0,"multiProducts":false,"cardDependencyFlag":false,"bestPromotion":true,"comparativePrice":{"pricePerUnit":38,"unitQuantity":1,"unitQuantityUom":"ea","measureDescription":"ea"}}],"categoryTrees":[{"level0":"Hot & Cold Drinks","level1":"Coffee","level2":"Coffee Sachets"}],"cateredFlag":false,"algoliaAnalytics":{"searchQueryID":"3859563e26358a9cbfa7daabf1a45d53","searchPosition":899},"boughtBefore":false},{"productId":"5007054-EA-000","brand":"Pic's","name":"Crunchy Peanut Butter","displayName":"380g","availability":["IN_STORE","ONLINE"],"saleType":"UNITS","restrictedFlag":false,"liquorFlag":false,"tobaccoFlag":false,"originRegulated":false,"singlePrice":{"price":679,"comparativePrice":{"pricePerUnit":179,"unitQuantity":100,"unitQuantityUom":"g","measureDescription":"100g"}},"facets":[{"itemCode":"00020004","itemDescription":"Gluten Free"}],"categoryTrees":[{"level0":"Pantry","level1":"Jams, Honey & Spreads","level2":"Peanut & Nut Butter"},{"level0":"Featured","level1":"Back to School","level2":"Back to School Lunches","webContent":{"badgeSmallUrl":"","badgeMediumUrl":"","badgeLargeUrl":"","title":"","subTitle":"","campaignUrl":""},"appContent":{"badgeSmallUrl":"","badgeMediumUrl":"","badgeLargeUrl":"","title":"","subTitle":"","campaignUrl":""}}],"cateredFlag":false,"algoliaAnalytics":{"searchQueryID":"3859563e26358a9cbfa7daabf1a45d53","searchPosition":900},"boughtBefore":false}],"algoliaSearchResult":{"facets":{"brand":{"Pams":809,"Wattie's":155,"Mrs Rogers":111,"Colgate":90,"Anchor":81,"Korbond":81,"Healtheries":80,"Tip Top":72,"Hellers":64,"VitaPet":63,"Gregg's":60,"Value":60,"Ceres Organics":56,"Continental":52,"Dettol":52,"Tasti":52,"Mainland":51,"Griffin's":50,"Maggi":50,"Pams Value":50,"Nivea":49,"Red Seal":49,"Dove":48,"Barker's":47,"Meadow Fresh":47,"Musashi":46,"Huggies":44,"Nestle":43,"Nescafe":41,"Palmolive":40,"McCain":39,"Bic":38,"Masterfoods":37,"Mother Earth":36,"Cadbury":35,"Delmaine":34,"Kellogg's":34,"Heinz":33,"Sealord":33,"Graze":31,"Lewis Road Creamery":31,"Sistema":31,"Whittaker's":31,"Chux":30,"Edmonds":30,"Jed's Coffee Co.":30,"The Collective":30,"Pams Finest":29,"Avalanche":28,"Bundaberg":28,"Energizer":28,"Whiskas":28,"Big Black Sacks":27,"Bluebird":27,"Glow Lab":27,"Kapiti":27,"Palmolive Naturals":27,"Arnott's":26,"Diamond":26,"Fresh To Go":26,"Hubbards":26,"Lindt":26,"Schweppes":26,"Farrah's":25,"Moccona":25,"Old El Paso":25,"Persil":25,"Philips":25,"Best":24,"Chef":24,"Fresh 'n Fruity":24,"Schick":24,"Tegel":24,"Eta":23,"Purina Fancy Feast":23,"Surv":23,"Dairyworks":22,"Dine":22,"Ecostore":22,"Harpic":22,"North Head":22,"San Remo":22,"Head & Shoulders":21,"John West":21,"Lee Kum Kee":21,"Rascals":21,"V":21,"Verkerks":21,"Chelsea":20,"Jacob's Creek":20,"Leggo's":20,"Only Organic":20,"Sanitarium Up & Go":20,"U By Kotex":20,"Campbell's":19,"Eveready":19,"Magnum":19,"Nivea Men":19,"Poise":19,"Schwarzkopf Extra Care":19},"tobacco":{"false":9994},"category1NI":{"Chips, Nuts & Snacks":445,"Canned Foods & Packets":347,"Pams":344,"Biscuits & Crackers":304,"Back to School":290,"Chocolate, Sweets & Chewing Gum":288,"Cooking Sauces, Stocks & Marinades":274,"Hair Care":265,"Stationery & Entertainment":257,"Cheese":238,"Lunchbox Snacks":235,"Spices, Seasoning & Coatings":234,"Baking Supplies & Sugar":231,"Coffee":226,"Table Sauces, Dressings & Condiments":225,"Pasta, Rice & Noodles":224,"Cat":213,"Ice Cream & Sorbet":204,"Yoghurt":202,"Cleaning & Accessories":199,"Easy Meals & Meal Kits":176,"Deli Meats & Smoked Fish":169,"Homewares":165,"Food Wrap, Storage & Bags":163,"Dental & Oral Care":159,"Bath, Shower & Soap":157,"Red Wine":156,"Dog":151,"Soft Drinks & Mixers":148,"Breakfast Cereals":146,"Skin Care & Sun Care":143,"Deli Meats":137,"Laundry":134,"White Wine":130,"Medical & First Aid":125,"$5 Week 1":117,"Juice & Smoothies":111,"Period & Continence Care":111,"World Foods":111,"Vegetables":107,"Dips, Hummus & Antipasti":103,"Vitamins & Supplements":101,"Milk":98,"Deodorant & Body Sprays":97,"Ready to Eat":95,"Batteries & Electrical":93,"Jams, Honey & Spreads":93,"Beer":92,"Tea":91,"Sports & Energy Drinks":90,"Bulk Foods":86,"Desserts":86,"Nappies & Changing":83,"Chilled Soups & Ready Meals":80,"Frozen Chicken & Meat":76,"Garage & Outdoor":76,"Baby & Toddler Food":74,"Sliced & Packaged Bread":72,"Kitchen Cleaners":71,"Cakes, Muffins & Desserts":67,"Hot Chocolate & Milk Drinks":67,"Shaving & Hair Removal":65,"Frozen Fish & Seafood":64,"Bathroom & Toilet Cleaners":61,"Fresh Salad & Herbs":61,"Sports Nutrition & Weight Management":60,"Frozen Vegetables":57,"In-Store Bakery":57,"Oil & Vinegar":56,"Frozen Dumplings, Pies & Snacks":53,"Dishwashing":52,"Frozen Pizza & Ready Meals":52,"Wraps, Pita & Flat Bread":50,"Butter & Margarine":48,"Frozen Fruit & Desserts":46,"Pest & Insect Control":46,"Syrups, Cordials & Powdered Drinks":46,"Long Life & Dairy Free Milk":45,"Chilled Pasta, Pizza & Garlic Bread":43,"Baby & Toddler Toiletries":41,"Toilet Paper, Tissues & Paper Towels":40,"Mince, Sausages & Meatballs":39,"Rose Wine":39,"Seafood":39,"Champagne & Sparkling Wine":38,"Baby Formula":37,"Frozen Chips & Hash Browns":36,"Fruit":36,"Bagels, Crumpets & Pancakes":35,"Cream, Custard & Desserts":34,"Craft Beer":31,"Water":31,"Chicken & Poultry":30,"Kombucha & Functional Drinks":29,"Clothing & Accessories":28,"Nursing & Feeding":28,"Alcohol Free Drinks":27,"Burger Buns, Rolls & Garlic Bread":26,"Cider":24,"Frozen Pastry & Bread":23},"onPromotion":{"61dd754e-8525-4b9e-9e08-173389eea8a8":2714,"c3f9e1a3-fc34-452d-af2e-95349e666ba4":2702,"715f0e22-95e0-45ce-af3a-07057209976e":2698,"4a279605-eaa8-470d-bcd4-0a9e3c9ab43b":2685,"5cf0392f-c187-4fc4-a463-eb269d2e8f45":2660,"90082979-fb9f-4305-9c72-83274fc438cc":2656,"b29a98bd-749c-489c-9eef-6aa38e66a29b":2631,"2ed73be8-936d-4f35-9398-75a707f40a7b":2560,"dbca5e00-f7f9-43ae-91de-031ad16f8a92":2548,"be4c4780-218e-425a-a90f-63e21773572b":2538,"8cd700ae-d96f-4761-bd7a-805d6b93536d":2460,"d8032da3-c1b9-456e-b626-41ce21f8c67b":2401,"3c5e3145-0767-4066-9349-6c0a1313acc5":2383,"bdc5ef4a-c6a7-4f8a-b8cb-28109e6d61c3":2266,"2a1b331a-fc4a-496a-b072-e97cc8f70cae":2066,"d6d39eea-889d-4e20-923c-55cab225cf7f":2060,"c2204dae-579e-4b6b-9d42-2e13ceaa6031":2057,"65defcf2-bc15-490e-a84f-1f13b769cd22":2047,"8f0d70be-5cb7-464b-99cb-8b0130671895":2024,"b92cc33f-b5a8-4b57-9b82-412946800020":1977,"3404c253-577f-45ca-b301-c98312e46efb":1965,"c0f80e87-16be-4488-9553-da437e8c6c2a":1954,"6e6809dd-01bc-45c9-aab1-f01ccd8338b0":1952,"3bfe040b-f0c9-45e0-949b-b9ad5a591d55":1940,"92086ded-a55d-4241-a364-7d7ea91531b4":1937,"48dd98cc-a757-4102-b15d-ea82b4b10571":1931,"49037947-e450-49bf-ba1f-a94551c79a72":1915,"21ecaaed-0749-4492-985e-4bb7ba43d59c":1903,"3bb30799-82ce-4648-8c02-5113228963ed":1895,"01a114de-149c-4f5f-80a1-90cc63f69c6e":1886,"c180a72d-5dbe-4403-b7c7-91655e505492":1877,"714431ab-6e39-4df6-ac77-cfc5c1e25bc8":1864,"e1925ea7-01bc-4358-ae7c-c6502da5ab12":1860,"64eab5b1-8d79-45f4-94f1-02b8cf8b6202":1857,"1c388d5e-29ac-4956-b476-cb3431353d2e":1852,"5f167936-79ae-4f6a-b9d2-74afe1bb096b":1845,"d1cd1fdd-8767-46a6-a8d3-c3e0632c2dc8":1845,"b2e98a14-c8ca-401e-99ed-edf74570c6f6":1838,"af385423-d0f1-41f0-9482-ffd10b745143":1829,"6cda96e1-7d29-44a6-956b-3fcfdecc8184":1820,"529d66cc-60e3-432e-b8d1-efc9f2ec4919":1815,"4fcc1c8e-cc5e-4675-ba25-5e56b579cf69":1800,"7d48a781-4f68-4c91-a908-8659e1b22f95":1773,"53989945-1a28-481d-a61c-d6f75f760ada":1767,"60561e46-ece7-43a7-b142-9b14812586e4":1765,"9cd8eb60-3222-4efc-bd7c-50e03e6a81a4":1761,"33d8d6fc-861a-45ff-9937-5ccdb55eaede":1756,"15e6f441-5c1c-4d25-b4ec-1adf918c49c7":1746,"98ec3885-ac93-4fcb-807b-59c9055c52c4":1730,"94ef1985-cab1-4b39-a2f3-230120f03c16":1727,"a7d09522-bee2-41e4-8fe0-0b82b7f342f5":1712,"6c73764e-b8e6-4e55-ad37-f6a9d207da1f":1700,"b83029b6-5dd5-449e-8056-26f3943a4e18":1699,"50b1216b-d066-4457-b88b-9bccf97bf6d3":1684,"3e82142c-78dc-46f3-82ec-28e65fcf84c9":1614,"b39562a4-2b72-43fe-b9ba-eda1d651ad0b":1577,"076e8177-943b-41fc-a885-ba3d28297acf":1534},"productFacets":{"Non-GMO":4194,"Gluten Free":1186,"Dairy Free":518,"Vegetarian":461,"Low Fat":431,"Vegan":397,"Low Sugar":355,"Organic":260,"Halal":229,"Free Range":100,"Cage Free":47,"Keto":27,"Low Salt":24,"Healthy Heart Tick":1}}},"algoliaFacetQueriesResults":[],"totalHits":1000,"page":17,"totalPages":20,"hitsPerPage":50}
,
{"tobaccoProducts":false,"products":[{"productId":"5287053-EA-000","brand":"Whittaker's","name":"Hokey Pokey Crunch 33% Cocoa Milk Chocolate Block","displayName":"250g","availability":["IN_STORE","ONLINE"],"saleType":"UNITS","restrictedFlag":false,"liquorFlag":false,"tobaccoFlag":false,"originRegulated":false,"singlePrice":{"price":659,"promoId":"130003244","comparativePrice":{"pricePerUnit":264,"unitQuantity":100,"unitQuantityUom":"g","measureDescription":"100g"}},"promotions":[{"promoId":"130003244","rewardValue":659,"decal":"6000","sapType":"BASE","rewardType":"NEW_PRICE","threshold":1,"limit":0,"multiProducts":false,"cardDependencyFlag":false,"bestPromotion":true,"comparativePrice":{"pricePerUnit":264,"unitQuantity":100,"unitQuantityUom":"g","measureDescription":"100g"}}],"facets":[{"itemCode":"00020012","itemDescription":"Non-GMO"}],"categoryTrees":[{"level0":"Snacks, Treats & Easy Meals","level1":"Chocolate, Sweets & Chewing Gum","level2":"Chocolate Blocks"},{"level0":"Pantry","level1":"Chocolate, Sweets & Chewing Gum","level2":"Chocolate Blocks"}],"cateredFlag":false,"algoliaAnalytics":{"searchQueryID":"0ec6b5f7fe3a45821eb83e43a3f636d0","searchPosition":801},"boughtBefore":false},{"productId":"5230957-EA-000","brand":"Pams","name":"Lamb & Chicken Dry Cat Food","displayName":"1kg","availability":["IN_STORE","ONLINE"],"saleType":"UNITS","restrictedFlag":false,"liquorFlag":false,"tobaccoFlag":false,"originRegulated":false,"singlePrice":{"price":469,"comparativePrice":{"pricePerUnit":47,"unitQuantity":100,"unitQuantityUom":"g","measureDescription":"100g"}},"facets":[{"itemCode":"00020012","itemDescription":"Non-GMO"}],"categoryTrees":[{"level0":"Pets","level1":"Cat","level2":"Dry Cat Food"}],"cateredFlag":false,"algoliaAnalytics":{"searchQueryID":"0ec6b5f7fe3a45821eb83e43a3f636d0","searchPosition":802},"boughtBefore":false},{"productId":"5046568-KGM-000","name":"Parsnips","displayName":"kg","availability":["IN_STORE","ONLINE"],"saleType":"BOTH","restrictedFlag":false,"liquorFlag":false,"tobaccoFlag":false,"originRegulated":true,"originStatement":"Product of New Zealand","variableWeight":{"unitOfMeasure":"g","averageWeight":170,"minOrderQuantity":200,"stepSize":100,"stepUnitOfMeasure":"g"},"singlePrice":{"price":649,"comparativePrice":{"pricePerUnit":649,"unitQuantity":1,"unitQuantityUom":"kg","measureDescription":"1kg"}},"categoryTrees":[{"level0":"Fruit & Vegetables","level1":"Vegetables","level2":"Carrots & Root Vegetables"}],"cateredFlag":false,"algoliaAnalytics":{"searchQueryID":"0ec6b5f7fe3a45821eb83e43a3f636d0","searchPosition":803},"boughtBefore":false},{"productId":"5261498-EA-000","brand":"Tegel","name":"Take Outs Louisiana Style Free Range Chicken Tenders","displayName":"500g","availability":["IN_STORE","ONLINE"],"saleType":"UNITS","restrictedFlag":false,"liquorFlag":false,"tobaccoFlag":false,"originRegulated":false,"singlePrice":{"price":1479,"comparativePrice":{"pricePerUnit":2958,"unitQuantity":1,"unitQuantityUom":"kg","measureDescription":"1kg"}},"facets":[{"itemCode":"00020012","itemDescription":"Non-GMO"},{"itemCode":"00020002","itemDescription":"Halal"},{"itemCode":"00020003","itemDescription":"Free Range"},{"itemCode":"00020006","itemDescription":"Cage Free"}],"categoryTrees":[{"level0":"Frozen","level1":"Frozen Chicken & Meat","level2":"Frozen Coated Chicken & Nuggets"}],"cateredFlag":false,"algoliaAnalytics":{"searchQueryID":"0ec6b5f7fe3a45821eb83e43a3f636d0","searchPosition":804},"boughtBefore":false},{"productId":"5285126-EA-000","brand":"Arnott's Farmbake","name":"Butter Shortbread Biscuits","displayName":"310g","availability":["IN_STORE","ONLINE"],"saleType":"UNITS","restrictedFlag":false,"liquorFlag":false,"tobaccoFlag":false,"originRegulated":false,"singlePrice":{"price":339,"comparativePrice":{"pricePerUnit":109,"unitQuantity":100,"unitQuantityUom":"g","measureDescription":"100g"}},"facets":[{"itemCode":"00020012","itemDescription":"Non-GMO"}],"categoryTrees":[{"level0":"Pantry","level1":"Biscuits & Crackers","level2":"Plain Biscuits"}],"cateredFlag":false,"algoliaAnalytics":{"searchQueryID":"0ec6b5f7fe3a45821eb83e43a3f636d0","searchPosition":805},"boughtBefore":false},{"productId":"5009608-EA-000","brand":"Oxo","name":"Beef Flavour Stock Cubes","displayName":"71g","availability":["IN_STORE","ONLINE"],"saleType":"UNITS","restrictedFlag":false,"liquorFlag":false,"tobaccoFlag":false,"originRegulated":false,"singlePrice":{"price":359,"comparativePrice":{"pricePerUnit":51,"unitQuantity":10,"unitQuantityUom":"g","measureDescription":"10g"}},"facets":[{"itemCode":"00020014","itemDescription":"Vegetarian"}],"categoryTrees":[{"level0":"Pantry","level1":"Cooking Sauces, Stocks & Marinades","level2":"Stock & Bone Broth"}],"cateredFlag":false,"algoliaAnalytics":{"searchQueryID":"0ec6b5f7fe3a45821eb83e43a3f636d0","searchPosition":806},"boughtBefore":false},{"productId":"5027102-EA-000","brand":"Meadow Fresh","name":"Sour Cream","displayName":"500g","availability":["IN_STORE","ONLINE"],"saleType":"UNITS","restrictedFlag":false,"liquorFlag":false,"tobaccoFlag":false,"originRegulated":false,"singlePrice":{"price":659,"comparativePrice":{"pricePerUnit":132,"unitQuantity":100,"unitQuantityUom":"g","measureDescription":"100g"}},"facets":[{"itemCode":"00020004","itemDescription":"Gluten Free"},{"itemCode":"00020012","itemDescription":"Non-GMO"},{"itemCode":"00020002","itemDescription":"Halal"}],"categoryTrees":[{"level0":"Fridge, Deli & Eggs","level1":"Cream, Custard & Desserts","level2":"Sour Cream & Crme Fraiche"}],"cateredFlag":false,"algoliaAnalytics":{"searchQueryID":"0ec6b5f7fe3a45821eb83e43a3f636d0","searchPosition":807},"boughtBefore":false},{"productId":"5010650-EA-000","brand":"Maggi","name":"Roast Meat Flavoured Gravy Mix","displayName":"27g","availability":["IN_STORE","ONLINE"],"saleType":"UNITS","restrictedFlag":false,"liquorFlag":false,"tobaccoFlag":false,"originRegulated":false,"singlePrice":{"price":119,"comparativePrice":{"pricePerUnit":44,"unitQuantity":10,"unitQuantityUom":"g","measureDescription":"10g"}},"categoryTrees":[{"level0":"Pantry","level1":"Cooking Sauces, Stocks & Marinades","level2":"Gravy"}],"cateredFlag":false,"algoliaAnalytics":{"searchQueryID":"0ec6b5f7fe3a45821eb83e43a3f636d0","searchPosition":808},"boughtBefore":false},{"productId":"5003075-EA-000","brand":"Arnott's","name":"Milk Arrowroot Biscuits","displayName":"250g","availability":["IN_STORE","ONLINE"],"saleType":"UNITS","restrictedFlag":false,"liquorFlag":false,"tobaccoFlag":false,"originRegulated":false,"singlePrice":{"price":299,"promoId":"129989875","comparativePrice":{"pricePerUnit":120,"unitQuantity":100,"unitQuantityUom":"g","measureDescription":"100g"}},"promotions":[{"promoId":"129989012","rewardValue":500,"decal":"6000","sapType":"LAYERED","rewardType":"NEW_PRICE","threshold":2,"multiProducts":true,"cardDependencyFlag":false,"bestPromotion":true,"comparativePrice":{"pricePerUnit":100,"unitQuantity":100,"unitQuantityUom":"g","measureDescription":"100g"}}],"facets":[{"itemCode":"00020012","itemDescription":"Non-GMO"}],"categoryTrees":[{"level0":"Pantry","level1":"Biscuits & Crackers","level2":"Plain Biscuits"},{"level0":"$5 Week 1","level1":"$5 Week 1","level2":"Deals","webContent":{"badgeSmallUrl":"","badgeMediumUrl":"","badgeLargeUrl":"","title":"","subTitle":"","campaignUrl":""},"appContent":{"badgeSmallUrl":"","badgeMediumUrl":"","badgeLargeUrl":"","title":"","subTitle":"","campaignUrl":""}}],"cateredFlag":false,"algoliaAnalytics":{"searchQueryID":"0ec6b5f7fe3a45821eb83e43a3f636d0","searchPosition":809},"boughtBefore":false},{"productId":"5215812-EA-000","brand":"Moogurt","name":"Suckies Berry Probiotic Yoghurt Pouch","displayName":"5 x 70g","availability":["IN_STORE","ONLINE"],"saleType":"UNITS","restrictedFlag":false,"liquorFlag":false,"tobaccoFlag":false,"originRegulated":false,"marketingInitiatives":[{"initiativeCode":"AOV"}],"singlePrice":{"price":500,"promoId":"129964228","comparativePrice":{"pricePerUnit":143,"unitQuantity":100,"unitQuantityUom":"g","measureDescription":"100g"}},"promotions":[{"promoId":"129964228","rewardValue":500,"decal":"6000","sapType":"BASE","rewardType":"NEW_PRICE","threshold":1,"limit":0,"multiProducts":false,"cardDependencyFlag":false,"bestPromotion":true,"comparativePrice":{"pricePerUnit":143,"unitQuantity":100,"unitQuantityUom":"g","measureDescription":"100g"}}],"facets":[{"itemCode":"00020014","itemDescription":"Vegetarian"},{"itemCode":"00020012","itemDescription":"Non-GMO"}],"categoryTrees":[{"level0":"Fridge, Deli & Eggs","level1":"Yoghurt","level2":"Yoghurt Multi Packs & Single Serve"},{"level0":"Snacks, Treats & Easy Meals","level1":"Lunchbox Snacks","level2":"Yoghurt Pouches & Single Serve"},{"level0":"Featured","level1":"Back to School","level2":"Lunchbox Snacks"},{"level0":"$5 Week 1","level1":"$5 Week 1","level2":"Deals","webContent":{"badgeSmallUrl":"","badgeMediumUrl":"","badgeLargeUrl":"","title":"","subTitle":"","campaignUrl":""},"appContent":{"badgeSmallUrl":"","badgeMediumUrl":"","badgeLargeUrl":"","title":"","subTitle":"","campaignUrl":""}}],"cateredFlag":false,"algoliaAnalytics":{"searchQueryID":"0ec6b5f7fe3a45821eb83e43a3f636d0","searchPosition":810},"boughtBefore":false},{"productId":"5001433-EA-000","brand":"Kinder","name":"Paw Patrol Surprise","displayName":"20g","availability":["IN_STORE","ONLINE"],"saleType":"UNITS","restrictedFlag":false,"liquorFlag":false,"tobaccoFlag":false,"originRegulated":false,"singlePrice":{"price":249,"comparativePrice":{"pricePerUnit":1245,"unitQuantity":100,"unitQuantityUom":"g","measureDescription":"100g"}},"categoryTrees":[{"level0":"Snacks, Treats & Easy Meals","level1":"Chocolate, Sweets & Chewing Gum","level2":"Single Chocolate Bars & Sweets"},{"level0":"Pantry","level1":"Chocolate, Sweets & Chewing Gum","level2":"Single Chocolate Bars & Sweets"}],"cateredFlag":false,"algoliaAnalytics":{"searchQueryID":"0ec6b5f7fe3a45821eb83e43a3f636d0","searchPosition":811},"boughtBefore":false},{"productId":"5271610-EA-000","brand":"Whittaker's","name":"Berry Forest Creamy Milk Chocolate Block","displayName":"250g","availability":["IN_STORE","ONLINE"],"saleType":"UNITS","restrictedFlag":false,"liquorFlag":false,"tobaccoFlag":false,"originRegulated":false,"singlePrice":{"price":659,"promoId":"130003244","comparativePrice":{"pricePerUnit":264,"unitQuantity":100,"unitQuantityUom":"g","measureDescription":"100g"}},"promotions":[{"promoId":"130003244","rewardValue":659,"decal":"6000","sapType":"BASE","rewardType":"NEW_PRICE","threshold":1,"limit":0,"multiProducts":false,"cardDependencyFlag":false,"bestPromotion":true,"comparativePrice":{"pricePerUnit":264,"unitQuantity":100,"unitQuantityUom":"g","measureDescription":"100g"}}],"facets":[{"itemCode":"00020012","itemDescription":"Non-GMO"}],"categoryTrees":[{"level0":"Snacks, Treats & Easy Meals","level1":"Chocolate, Sweets & Chewing Gum","level2":"Chocolate Blocks"},{"level0":"Pantry","level1":"Chocolate, Sweets & Chewing Gum","level2":"Chocolate Blocks"}],"cateredFlag":false,"algoliaAnalytics":{"searchQueryID":"0ec6b5f7fe3a45821eb83e43a3f636d0","searchPosition":812},"boughtBefore":false},{"productId":"5000521-EA-000","brand":"Anchor","name":"Trim Milk","displayName":"2l","availability":["IN_STORE","ONLINE"],"saleType":"UNITS","restrictedFlag":false,"liquorFlag":false,"tobaccoFlag":false,"originRegulated":false,"singlePrice":{"price":543,"comparativePrice":{"pricePerUnit":272,"unitQuantity":1,"unitQuantityUom":"L","measureDescription":"1L"}},"facets":[{"itemCode":"00020012","itemDescription":"Non-GMO"},{"itemCode":"00020009","itemDescription":"Low Fat"}],"categoryTrees":[{"level0":"Fridge, Deli & Eggs","level1":"Milk","level2":"Fresh Milk"}],"cateredFlag":false,"algoliaAnalytics":{"searchQueryID":"0ec6b5f7fe3a45821eb83e43a3f636d0","searchPosition":813},"boughtBefore":false},{"productId":"5026738-EA-000","brand":"Lee Kum Kee","name":"Ready Sauce For Honey & Soy Chicken","displayName":"120g","availability":["IN_STORE","ONLINE"],"saleType":"UNITS","restrictedFlag":false,"liquorFlag":false,"tobaccoFlag":false,"originRegulated":false,"singlePrice":{"price":229,"comparativePrice":{"pricePerUnit":191,"unitQuantity":100,"unitQuantityUom":"g","measureDescription":"100g"}},"facets":[{"itemCode":"00020004","itemDescription":"Gluten Free"}],"categoryTrees":[{"level0":"Pantry","level1":"Cooking Sauces, Stocks & Marinades","level2":"Stir-Fry Sauce"},{"level0":"Pantry","level1":"Cooking Sauces, Stocks & Marinades","level2":"Marinade"},{"level0":"Pantry","level1":"World Foods","level2":"Chinese"}],"cateredFlag":false,"algoliaAnalytics":{"searchQueryID":"0ec6b5f7fe3a45821eb83e43a3f636d0","searchPosition":814},"boughtBefore":false},{"productId":"5015051-EA-000","brand":"Wattie's","name":"Italian Tomatoes Chopped In Juice","displayName":"400g","availability":["IN_STORE","ONLINE"],"saleType":"UNITS","restrictedFlag":false,"liquorFlag":false,"tobaccoFlag":false,"originRegulated":false,"singlePrice":{"price":189,"comparativePrice":{"pricePerUnit":473,"unitQuantity":1,"unitQuantityUom":"kg","measureDescription":"1kg"}},"facets":[{"itemCode":"00020012","itemDescription":"Non-GMO"}],"categoryTrees":[{"level0":"Pantry","level1":"Canned Foods & Packets","level2":"Canned Tomatoes"}],"cateredFlag":false,"algoliaAnalytics":{"searchQueryID":"0ec6b5f7fe3a45821eb83e43a3f636d0","searchPosition":815},"boughtBefore":false},{"productId":"5004911-EA-000","brand":"Pams","name":"Crunchy Peanut Butter","displayName":"375g","availability":["IN_STORE","ONLINE"],"saleType":"UNITS","restrictedFlag":false,"liquorFlag":false,"tobaccoFlag":false,"originRegulated":false,"singlePrice":{"price":189,"comparativePrice":{"pricePerUnit":50,"unitQuantity":100,"unitQuantityUom":"g","measureDescription":"100g"}},"facets":[{"itemCode":"00020012","itemDescription":"Non-GMO"},{"itemCode":"00020007","itemDescription":"Dairy Free"},{"itemCode":"00020011","itemDescription":"Low Sugar"}],"categoryTrees":[{"level0":"Pantry","level1":"Jams, Honey & Spreads","level2":"Peanut & Nut Butter"},{"level0":"Featured","level1":"Pams","level2":"Jams, Honey & Spreads"}],"cateredFlag":false,"algoliaAnalytics":{"searchQueryID":"0ec6b5f7fe3a45821eb83e43a3f636d0","searchPosition":816},"boughtBefore":false},{"productId":"5001435-EA-000","brand":"McCoy","name":"Pineapple Fruit Juice","displayName":"1l","availability":["IN_STORE","ONLINE"],"saleType":"UNITS","restrictedFlag":false,"liquorFlag":false,"tobaccoFlag":false,"originRegulated":false,"singlePrice":{"price":389,"comparativePrice":{"pricePerUnit":389,"unitQuantity":1,"unitQuantityUom":"L","measureDescription":"1L"}},"facets":[{"itemCode":"00020012","itemDescription":"Non-GMO"}],"categoryTrees":[{"level0":"Hot & Cold Drinks","level1":"Juice & Smoothies","level2":"Fruit Juice"}],"cateredFlag":false,"algoliaAnalytics":{"searchQueryID":"0ec6b5f7fe3a45821eb83e43a3f636d0","searchPosition":817},"boughtBefore":false},{"productId":"5005954-EA-000","brand":"Pams","name":"Diced Tomatoes With Capsicum And Onion","displayName":"400g","availability":["IN_STORE","ONLINE"],"saleType":"UNITS","restrictedFlag":false,"liquorFlag":false,"tobaccoFlag":false,"originRegulated":false,"singlePrice":{"price":89,"comparativePrice":{"pricePerUnit":223,"unitQuantity":1,"unitQuantityUom":"kg","measureDescription":"1kg"}},"facets":[{"itemCode":"00020009","itemDescription":"Low Fat"},{"itemCode":"00020012","itemDescription":"Non-GMO"},{"itemCode":"00020011","itemDescription":"Low Sugar"},{"itemCode":"00020007","itemDescription":"Dairy Free"}],"categoryTrees":[{"level0":"Pantry","level1":"Canned Foods & Packets","level2":"Canned Tomatoes"}],"cateredFlag":false,"algoliaAnalytics":{"searchQueryID":"0ec6b5f7fe3a45821eb83e43a3f636d0","searchPosition":818},"boughtBefore":false},{"productId":"5011597-EA-000","brand":"Raro","name":"Bahama Breeze Flavoured Beverage Mix","displayName":"3 x 80g","availability":["IN_STORE","ONLINE"],"saleType":"UNITS","restrictedFlag":false,"liquorFlag":false,"tobaccoFlag":false,"originRegulated":false,"singlePrice":{"price":179,"comparativePrice":{"pricePerUnit":75,"unitQuantity":100,"unitQuantityUom":"g","measureDescription":"100g"}},"facets":[{"itemCode":"00020012","itemDescription":"Non-GMO"}],"categoryTrees":[{"level0":"Hot & Cold Drinks","level1":"Syrups, Cordials & Powdered Drinks","level2":"Powdered Drinks"}],"cateredFlag":false,"algoliaAnalytics":{"searchQueryID":"0ec6b5f7fe3a45821eb83e43a3f636d0","searchPosition":819},"boughtBefore":false},{"productId":"5225595-EA-000","brand":"Value","name":"Flaky Puff Pastry Sheets","displayName":"1kg","availability":["IN_STORE","ONLINE"],"saleType":"UNITS","restrictedFlag":false,"liquorFlag":false,"tobaccoFlag":false,"originRegulated":false,"singlePrice":{"price":519,"comparativePrice":{"pricePerUnit":52,"unitQuantity":100,"unitQuantityUom":"g","measureDescription":"100g"}},"facets":[{"itemCode":"00020012","itemDescription":"Non-GMO"}],"categoryTrees":[{"level0":"Frozen","level1":"Frozen Pastry & Bread","level2":"Frozen Pastry"}],"cateredFlag":false,"algoliaAnalytics":{"searchQueryID":"0ec6b5f7fe3a45821eb83e43a3f636d0","searchPosition":820},"boughtBefore":false},{"productId":"5020306-EA-000","brand":"Pams","name":"Tomato Paste","displayName":"150g","availability":["IN_STORE","ONLINE"],"saleType":"UNITS","restrictedFlag":false,"liquorFlag":false,"tobaccoFlag":false,"originRegulated":false,"singlePrice":{"price":129,"comparativePrice":{"pricePerUnit":86,"unitQuantity":100,"unitQuantityUom":"g","measureDescription":"100g"}},"facets":[{"itemCode":"00020012","itemDescription":"Non-GMO"},{"itemCode":"00020007","itemDescription":"Dairy Free"}],"categoryTrees":[{"level0":"Pantry","level1":"Cooking Sauces, Stocks & Marinades","level2":"Tomato Paste & Puree"}],"cateredFlag":false,"algoliaAnalytics":{"searchQueryID":"0ec6b5f7fe3a45821eb83e43a3f636d0","searchPosition":821},"boughtBefore":false},{"productId":"5013618-EA-000","brand":"Tararua","name":"Original Super-Soft Spread","displayName":"500g","availability":["IN_STORE","ONLINE"],"saleType":"UNITS","restrictedFlag":false,"liquorFlag":false,"tobaccoFlag":false,"originRegulated":false,"singlePrice":{"price":679,"promoId":"129964541","comparativePrice":{"pricePerUnit":136,"unitQuantity":100,"unitQuantityUom":"g","measureDescription":"100g"}},"promotions":[{"promoId":"129964541","rewardValue":679,"decal":"6000","sapType":"BASE","rewardType":"NEW_PRICE","threshold":1,"limit":0,"multiProducts":false,"cardDependencyFlag":false,"bestPromotion":true,"comparativePrice":{"pricePerUnit":136,"unitQuantity":100,"unitQuantityUom":"g","measureDescription":"100g"}}],"facets":[{"itemCode":"00020012","itemDescription":"Non-GMO"}],"categoryTrees":[{"level0":"Fridge, Deli & Eggs","level1":"Butter & Margarine","level2":"Margarine & Spreads"}],"cateredFlag":false,"algoliaAnalytics":{"searchQueryID":"0ec6b5f7fe3a45821eb83e43a3f636d0","searchPosition":822},"boughtBefore":false},{"productId":"5003287-EA-000","brand":"Mainland","name":"Mild & Creamy Edam Cheese","displayName":"1kg","availability":["IN_STORE","ONLINE"],"saleType":"UNITS","restrictedFlag":false,"liquorFlag":false,"tobaccoFlag":false,"originRegulated":false,"singlePrice":{"price":1539,"comparativePrice":{"pricePerUnit":154,"unitQuantity":100,"unitQuantityUom":"g","measureDescription":"100g"}},"facets":[{"itemCode":"00020009","itemDescription":"Low Fat"},{"itemCode":"00020014","itemDescription":"Vegetarian"},{"itemCode":"00020012","itemDescription":"Non-GMO"}],"categoryTrees":[{"level0":"Fridge, Deli & Eggs","level1":"Cheese","level2":"Everyday Cheese Blocks"}],"cateredFlag":false,"algoliaAnalytics":{"searchQueryID":"0ec6b5f7fe3a45821eb83e43a3f636d0","searchPosition":823},"boughtBefore":false},{"productId":"5035601-EA-000","brand":"Cadbury","name":"Picnic Chocolate Sharepack","displayName":"180g","availability":["IN_STORE","ONLINE"],"saleType":"UNITS","restrictedFlag":false,"liquorFlag":false,"tobaccoFlag":false,"originRegulated":false,"singlePrice":{"price":500,"promoId":"130003265","comparativePrice":{"pricePerUnit":278,"unitQuantity":100,"unitQuantityUom":"g","measureDescription":"100g"}},"promotions":[{"promoId":"130003265","rewardValue":500,"decal":"6000","sapType":"BASE","rewardType":"NEW_PRICE","threshold":1,"limit":0,"multiProducts":false,"cardDependencyFlag":false,"bestPromotion":true,"comparativePrice":{"pricePerUnit":278,"unitQuantity":100,"unitQuantityUom":"g","measureDescription":"100g"}}],"facets":[{"itemCode":"00020012","itemDescription":"Non-GMO"}],"categoryTrees":[{"level0":"Snacks, Treats & Easy Meals","level1":"Chocolate, Sweets & Chewing Gum","level2":"Chocolate Bags & Sharepacks"},{"level0":"Pantry","level1":"Chocolate, Sweets & Chewing Gum","level2":"Chocolate Bags & Sharepacks"}],"cateredFlag":false,"algoliaAnalytics":{"searchQueryID":"0ec6b5f7fe3a45821eb83e43a3f636d0","searchPosition":824},"boughtBefore":false},{"productId":"5010520-EA-000","brand":"Nestle","name":"Milkybar Classic White Chocolate Block","displayName":"170g","availability":["IN_STORE","ONLINE"],"saleType":"UNITS","restrictedFlag":false,"liquorFlag":false,"tobaccoFlag":false,"originRegulated":false,"singlePrice":{"price":569,"comparativePrice":{"pricePerUnit":335,"unitQuantity":100,"unitQuantityUom":"g","measureDescription":"100g"}},"facets":[{"itemCode":"00020014","itemDescription":"Vegetarian"}],"categoryTrees":[{"level0":"Snacks, Treats & Easy Meals","level1":"Chocolate, Sweets & Chewing Gum","level2":"Chocolate Blocks"},{"level0":"Pantry","level1":"Chocolate, Sweets & Chewing Gum","level2":"Chocolate Blocks"}],"cateredFlag":false,"algoliaAnalytics":{"searchQueryID":"0ec6b5f7fe3a45821eb83e43a3f636d0","searchPosition":825},"boughtBefore":false},{"productId":"5252960-EA-000","brand":"Tatua","name":"Cooking Cream","displayName":"500ml","availability":["IN_STORE","ONLINE"],"saleType":"UNITS","restrictedFlag":false,"liquorFlag":false,"tobaccoFlag":false,"originRegulated":false,"singlePrice":{"price":469,"comparativePrice":{"pricePerUnit":94,"unitQuantity":100,"unitQuantityUom":"ml","measureDescription":"100ml"}},"facets":[{"itemCode":"00020004","itemDescription":"Gluten Free"},{"itemCode":"00020009","itemDescription":"Low Fat"}],"categoryTrees":[{"level0":"Fridge, Deli & Eggs","level1":"Cream, Custard & Desserts","level2":"Fresh Cream"}],"cateredFlag":false,"algoliaAnalytics":{"searchQueryID":"0ec6b5f7fe3a45821eb83e43a3f636d0","searchPosition":826},"boughtBefore":false},{"productId":"5010947-EA-000","brand":"Whittaker's","name":"Mini Size Creamy Milk 12 Chocolate Bars","displayName":"12 x 15g","availability":["IN_STORE","ONLINE"],"saleType":"UNITS","restrictedFlag":false,"liquorFlag":false,"tobaccoFlag":false,"originRegulated":false,"singlePrice":{"price":739,"comparativePrice":{"pricePerUnit":411,"unitQuantity":100,"unitQuantityUom":"g","measureDescription":"100g"}},"categoryTrees":[{"level0":"Snacks, Treats & Easy Meals","level1":"Chocolate, Sweets & Chewing Gum","level2":"Chocolate Bags & Sharepacks"},{"level0":"Pantry","level1":"Chocolate, Sweets & Chewing Gum","level2":"Chocolate Bags & Sharepacks"}],"cateredFlag":false,"algoliaAnalytics":{"searchQueryID":"0ec6b5f7fe3a45821eb83e43a3f636d0","searchPosition":827},"boughtBefore":false},{"productId":"5003378-EA-000","brand":"Cadbury","name":"Roses Chocolates","displayName":"225g","availability":["IN_STORE","ONLINE"],"saleType":"UNITS","restrictedFlag":false,"liquorFlag":false,"tobaccoFlag":false,"originRegulated":false,"singlePrice":{"price":1179,"comparativePrice":{"pricePerUnit":524,"unitQuantity":100,"unitQuantityUom":"g","measureDescription":"100g"}},"facets":[{"itemCode":"00020012","itemDescription":"Non-GMO"}],"categoryTrees":[{"level0":"Snacks, Treats & Easy Meals","level1":"Chocolate, Sweets & Chewing Gum","level2":"Chocolate Boxes & Gifts"},{"level0":"Pantry","level1":"Chocolate, Sweets & Chewing Gum","level2":"Chocolate Boxes & Gifts"}],"cateredFlag":false,"algoliaAnalytics":{"searchQueryID":"0ec6b5f7fe3a45821eb83e43a3f636d0","searchPosition":828},"boughtBefore":false},{"productId":"5004749-EA-000","brand":"Pams","name":"Sardines In Olive Oil","displayName":"106g","availability":["IN_STORE","ONLINE"],"saleType":"UNITS","restrictedFlag":false,"liquorFlag":false,"tobaccoFlag":false,"originRegulated":false,"singlePrice":{"price":229,"comparativePrice":{"pricePerUnit":2160,"unitQuantity":1,"unitQuantityUom":"kg","measureDescription":"1kg"}},"facets":[{"itemCode":"00020012","itemDescription":"Non-GMO"},{"itemCode":"00020007","itemDescription":"Dairy Free"}],"categoryTrees":[{"level0":"Pantry","level1":"Canned Foods & Packets","level2":"Canned Salmon & Other Seafood"},{"level0":"Featured","level1":"Pams","level2":"Canned & Prepared Foods"}],"cateredFlag":false,"algoliaAnalytics":{"searchQueryID":"0ec6b5f7fe3a45821eb83e43a3f636d0","searchPosition":829},"boughtBefore":false},{"productId":"5284957-EA-000","brand":"Cadbury","name":"Drinking Chocolate","displayName":"450g","availability":["IN_STORE","ONLINE"],"saleType":"UNITS","restrictedFlag":false,"liquorFlag":false,"tobaccoFlag":false,"originRegulated":false,"singlePrice":{"price":789,"comparativePrice":{"pricePerUnit":175,"unitQuantity":100,"unitQuantityUom":"g","measureDescription":"100g"}},"facets":[{"itemCode":"00020012","itemDescription":"Non-GMO"}],"categoryTrees":[{"level0":"Hot & Cold Drinks","level1":"Hot Chocolate & Milk Drinks","level2":"Drinking Chocolate & Milk Drink Mixes"}],"cateredFlag":false,"algoliaAnalytics":{"searchQueryID":"0ec6b5f7fe3a45821eb83e43a3f636d0","searchPosition":830},"boughtBefore":false},{"productId":"5009617-EA-000","brand":"Protex","name":"Antibacterial Gentle For Sensitive Skin Bar Soap","displayName":"90g","availability":["IN_STORE","ONLINE"],"saleType":"UNITS","restrictedFlag":false,"liquorFlag":false,"tobaccoFlag":false,"originRegulated":false,"singlePrice":{"price":199,"comparativePrice":{"pricePerUnit":221,"unitQuantity":100,"unitQuantityUom":"g","measureDescription":"100g"}},"categoryTrees":[{"level0":"Health & Body","level1":"Bath, Shower & Soap","level2":"Soap Bars"}],"cateredFlag":false,"algoliaAnalytics":{"searchQueryID":"0ec6b5f7fe3a45821eb83e43a3f636d0","searchPosition":831},"boughtBefore":false},{"productId":"5024431-EA-000","brand":"Kleenex","name":"Everday Silk Touch Facial Tissues","displayName":"250pk","availability":["IN_STORE","ONLINE"],"saleType":"UNITS","restrictedFlag":false,"liquorFlag":false,"tobaccoFlag":false,"originRegulated":false,"singlePrice":{"price":409,"comparativePrice":{"pricePerUnit":164,"unitQuantity":100,"unitQuantityUom":" ","measureDescription":"100"}},"categoryTrees":[{"level0":"Health & Body","level1":"Tissues & Cotton Wool","level2":"Tissues"},{"level0":"Household & Cleaning","level1":"Toilet Paper, Tissues & Paper Towels","level2":"Tissues"}],"cateredFlag":false,"algoliaAnalytics":{"searchQueryID":"0ec6b5f7fe3a45821eb83e43a3f636d0","searchPosition":832},"boughtBefore":false},{"productId":"5081217-EA-000","brand":"Yoplait","name":"Real Fruit Blueberry Yoghurt","displayName":"1kg","availability":["IN_STORE","ONLINE"],"saleType":"UNITS","restrictedFlag":false,"liquorFlag":false,"tobaccoFlag":false,"originRegulated":false,"singlePrice":{"price":469,"comparativePrice":{"pricePerUnit":47,"unitQuantity":100,"unitQuantityUom":"g","measureDescription":"100g"}},"facets":[{"itemCode":"00020012","itemDescription":"Non-GMO"},{"itemCode":"00020009","itemDescription":"Low Fat"}],"categoryTrees":[{"level0":"Fridge, Deli & Eggs","level1":"Yoghurt","level2":"Large Yoghurt Tubs"}],"cateredFlag":false,"algoliaAnalytics":{"searchQueryID":"0ec6b5f7fe3a45821eb83e43a3f636d0","searchPosition":833},"boughtBefore":false},{"productId":"5266366-EA-000","brand":"Hellers","name":"Manuka Smoked Rasher Bacon","displayName":"800g","availability":["IN_STORE","ONLINE"],"saleType":"UNITS","restrictedFlag":false,"liquorFlag":false,"tobaccoFlag":false,"originRegulated":true,"originStatement":"Made in New Zealand from imported and local ingredients.","singlePrice":{"price":1399,"promoId":"129998407","comparativePrice":{"pricePerUnit":1749,"unitQuantity":1,"unitQuantityUom":"kg","measureDescription":"1kg"}},"promotions":[{"promoId":"129998407","rewardValue":1399,"decal":"6000","sapType":"BASE","rewardType":"NEW_PRICE","threshold":1,"limit":0,"multiProducts":false,"cardDependencyFlag":false,"bestPromotion":true,"comparativePrice":{"pricePerUnit":1749,"unitQuantity":1,"unitQuantityUom":"kg","measureDescription":"1kg"}}],"facets":[{"itemCode":"00020004","itemDescription":"Gluten Free"},{"itemCode":"00020012","itemDescription":"Non-GMO"}],"categoryTrees":[{"level0":"Fridge, Deli & Eggs","level1":"Deli Meats & Smoked Fish","level2":"Bacon"},{"level0":"Meat, Poultry & Seafood","level1":"Deli Meats","level2":"Bacon"}],"cateredFlag":false,"algoliaAnalytics":{"searchQueryID":"0ec6b5f7fe3a45821eb83e43a3f636d0","searchPosition":834},"boughtBefore":false},{"productId":"5001901-EA-000","brand":"L&P","name":"Soft Drink","displayName":"2.25l","availability":["IN_STORE","ONLINE"],"saleType":"UNITS","restrictedFlag":false,"liquorFlag":false,"tobaccoFlag":false,"originRegulated":false,"singlePrice":{"price":349,"comparativePrice":{"pricePerUnit":155,"unitQuantity":1,"unitQuantityUom":"L","measureDescription":"1L"}},"categoryTrees":[{"level0":"Hot & Cold Drinks","level1":"Soft Drinks & Mixers","level2":"Other Soft Drinks"}],"cateredFlag":false,"algoliaAnalytics":{"searchQueryID":"0ec6b5f7fe3a45821eb83e43a3f636d0","searchPosition":835},"boughtBefore":false},{"productId":"5003302-EA-000","brand":"Griffin's","name":"Milk Chocolate Wheaten Biscuits","displayName":"200g","availability":["IN_STORE","ONLINE"],"saleType":"UNITS","restrictedFlag":false,"liquorFlag":false,"tobaccoFlag":false,"originRegulated":false,"singlePrice":{"price":449,"comparativePrice":{"pricePerUnit":225,"unitQuantity":100,"unitQuantityUom":"g","measureDescription":"100g"}},"facets":[{"itemCode":"00020012","itemDescription":"Non-GMO"}],"categoryTrees":[{"level0":"Pantry","level1":"Biscuits & Crackers","level2":"Chocolate Biscuits & Cookies"}],"cateredFlag":false,"algoliaAnalytics":{"searchQueryID":"0ec6b5f7fe3a45821eb83e43a3f636d0","searchPosition":836},"boughtBefore":false},{"productId":"5006676-EA-000","brand":"Keri","name":"Juice Kitchen Premium Orange Juice","displayName":"1l","availability":["IN_STORE","ONLINE"],"saleType":"UNITS","restrictedFlag":false,"liquorFlag":false,"tobaccoFlag":false,"originRegulated":false,"singlePrice":{"price":329,"comparativePrice":{"pricePerUnit":329,"unitQuantity":1,"unitQuantityUom":"L","measureDescription":"1L"}},"facets":[{"itemCode":"00020012","itemDescription":"Non-GMO"}],"categoryTrees":[{"level0":"Hot & Cold Drinks","level1":"Juice & Smoothies","level2":"Orange Juice"},{"level0":"Hot & Cold Drinks","level1":"Juice & Smoothies","level2":"Fruit Juice"}],"cateredFlag":false,"algoliaAnalytics":{"searchQueryID":"0ec6b5f7fe3a45821eb83e43a3f636d0","searchPosition":837},"boughtBefore":false},{"productId":"5016454-EA-000","brand":"Pams","name":"Wholegrain Oats","displayName":"1kg","availability":["IN_STORE","ONLINE"],"saleType":"UNITS","restrictedFlag":false,"liquorFlag":false,"tobaccoFlag":false,"originRegulated":false,"singlePrice":{"price":369,"comparativePrice":{"pricePerUnit":37,"unitQuantity":100,"unitQuantityUom":"g","measureDescription":"100g"}},"facets":[{"itemCode":"00020011","itemDescription":"Low Sugar"},{"itemCode":"00020012","itemDescription":"Non-GMO"}],"categoryTrees":[{"level0":"Pantry","level1":"Breakfast Cereals","level2":"Oats & Porridge"},{"level0":"Featured","level1":"Pams","level2":"Breakfast Cereals"}],"cateredFlag":false,"algoliaAnalytics":{"searchQueryID":"0ec6b5f7fe3a45821eb83e43a3f636d0","searchPosition":838},"boughtBefore":false},{"productId":"5001559-EA-000","brand":"Coca-Cola","name":"Soft Drink","displayName":"600ml","availability":["IN_STORE","ONLINE"],"saleType":"UNITS","restrictedFlag":false,"liquorFlag":false,"tobaccoFlag":false,"originRegulated":false,"singlePrice":{"price":425,"comparativePrice":{"pricePerUnit":708,"unitQuantity":1,"unitQuantityUom":"L","measureDescription":"1L"}},"facets":[{"itemCode":"00020012","itemDescription":"Non-GMO"}],"categoryTrees":[{"level0":"Hot & Cold Drinks","level1":"Soft Drinks & Mixers","level2":"Cola"}],"cateredFlag":false,"algoliaAnalytics":{"searchQueryID":"0ec6b5f7fe3a45821eb83e43a3f636d0","searchPosition":839},"boughtBefore":false},{"productId":"5028230-EA-000","brand":"Hellers","name":"Trusty BBQ Pre-Cooked Sausages","displayName":"1kg","availability":["IN_STORE","ONLINE"],"saleType":"UNITS","restrictedFlag":false,"liquorFlag":false,"tobaccoFlag":false,"originRegulated":false,"singlePrice":{"price":1099,"comparativePrice":{"pricePerUnit":1099,"unitQuantity":1,"unitQuantityUom":"kg","measureDescription":"1kg"}},"facets":[{"itemCode":"00020004","itemDescription":"Gluten Free"},{"itemCode":"00020012","itemDescription":"Non-GMO"}],"categoryTrees":[{"level0":"Meat, Poultry & Seafood","level1":"Mince, Sausages & Meatballs","level2":"Pre-Cooked Sausages"}],"cateredFlag":false,"algoliaAnalytics":{"searchQueryID":"0ec6b5f7fe3a45821eb83e43a3f636d0","searchPosition":840},"boughtBefore":false},{"productId":"5088963-EA-000","brand":"Yoplait","name":"Vanilla Greek Style Yoghurt","displayName":"1kg","availability":["IN_STORE","ONLINE"],"saleType":"UNITS","restrictedFlag":false,"liquorFlag":false,"tobaccoFlag":false,"originRegulated":false,"singlePrice":{"price":679,"comparativePrice":{"pricePerUnit":68,"unitQuantity":100,"unitQuantityUom":"g","measureDescription":"100g"}},"facets":[{"itemCode":"00020012","itemDescription":"Non-GMO"}],"categoryTrees":[{"level0":"Fridge, Deli & Eggs","level1":"Yoghurt","level2":"Greek & Natural Yoghurt"},{"level0":"Fridge, Deli & Eggs","level1":"Yoghurt","level2":"Large Yoghurt Tubs"}],"cateredFlag":false,"algoliaAnalytics":{"searchQueryID":"0ec6b5f7fe3a45821eb83e43a3f636d0","searchPosition":841},"boughtBefore":false},{"productId":"5010808-EA-000","brand":"M&M's","name":"Milk Chocolate Pouch","displayName":"180g","availability":["IN_STORE","ONLINE"],"saleType":"UNITS","restrictedFlag":false,"liquorFlag":false,"tobaccoFlag":false,"originRegulated":false,"singlePrice":{"price":499,"promoId":"129983247","comparativePrice":{"pricePerUnit":277,"unitQuantity":100,"unitQuantityUom":"g","measureDescription":"100g"}},"promotions":[{"promoId":"129983247","rewardValue":499,"decal":"6000","sapType":"BASE","rewardType":"NEW_PRICE","threshold":1,"limit":0,"multiProducts":false,"cardDependencyFlag":false,"bestPromotion":true,"comparativePrice":{"pricePerUnit":277,"unitQuantity":100,"unitQuantityUom":"g","measureDescription":"100g"}}],"categoryTrees":[{"level0":"Snacks, Treats & Easy Meals","level1":"Chocolate, Sweets & Chewing Gum","level2":"Chocolate Bags & Sharepacks"},{"level0":"Pantry","level1":"Chocolate, Sweets & Chewing Gum","level2":"Chocolate Bags & Sharepacks"}],"cateredFlag":false,"algoliaAnalytics":{"searchQueryID":"0ec6b5f7fe3a45821eb83e43a3f636d0","searchPosition":842},"boughtBefore":false},{"productId":"5095330-EA-000","brand":"Hobson's ","name":"Bacon Pieces","displayName":"800g","availability":["IN_STORE","ONLINE"],"saleType":"UNITS","restrictedFlag":false,"liquorFlag":false,"tobaccoFlag":false,"originRegulated":true,"originStatement":"Made in New Zealand with pork from New Zealand, Australia, USA, Canada, Denmark, Finland, Poland, Spain, Germany, Sweden, Netherlands, Ireland or Belgium. Country of origin may vary depending on availability.","singlePrice":{"price":699,"promoId":"129965982","comparativePrice":{"pricePerUnit":874,"unitQuantity":1,"unitQuantityUom":"kg","measureDescription":"1kg"}},"promotions":[{"promoId":"129965982","rewardValue":699,"decal":"6000","sapType":"BASE","rewardType":"NEW_PRICE","threshold":1,"limit":0,"multiProducts":false,"cardDependencyFlag":false,"bestPromotion":true,"comparativePrice":{"pricePerUnit":874,"unitQuantity":1,"unitQuantityUom":"kg","measureDescription":"1kg"}}],"facets":[{"itemCode":"00020004","itemDescription":"Gluten Free"},{"itemCode":"00020012","itemDescription":"Non-GMO"}],"categoryTrees":[{"level0":"Fridge, Deli & Eggs","level1":"Deli Meats & Smoked Fish","level2":"Bacon"},{"level0":"Meat, Poultry & Seafood","level1":"Deli Meats","level2":"Bacon"}],"cateredFlag":false,"algoliaAnalytics":{"searchQueryID":"0ec6b5f7fe3a45821eb83e43a3f636d0","searchPosition":843},"boughtBefore":false},{"productId":"5009709-EA-000","brand":"Maggi","name":"Creamy Mushroom Soup","displayName":"37g","availability":["IN_STORE","ONLINE"],"saleType":"UNITS","restrictedFlag":false,"liquorFlag":false,"tobaccoFlag":false,"originRegulated":false,"singlePrice":{"price":129,"comparativePrice":{"pricePerUnit":349,"unitQuantity":100,"unitQuantityUom":"g","measureDescription":"100g"}},"categoryTrees":[{"level0":"Pantry","level1":"Canned Foods & Packets","level2":"Canned & Packet Soup"}],"cateredFlag":false,"algoliaAnalytics":{"searchQueryID":"0ec6b5f7fe3a45821eb83e43a3f636d0","searchPosition":844},"boughtBefore":false},{"productId":"5021173-EA-000","brand":"Zeagold","name":"Egg White Natural Protein","displayName":"980ml","availability":["IN_STORE","ONLINE"],"saleType":"UNITS","restrictedFlag":false,"liquorFlag":false,"tobaccoFlag":false,"originRegulated":false,"singlePrice":{"price":1239,"comparativePrice":{"pricePerUnit":126,"unitQuantity":100,"unitQuantityUom":"ml","measureDescription":"100ml"}},"categoryTrees":[{"level0":"Fridge, Deli & Eggs","level1":"Eggs","level2":"Barn Eggs"}],"cateredFlag":false,"algoliaAnalytics":{"searchQueryID":"0ec6b5f7fe3a45821eb83e43a3f636d0","searchPosition":845},"boughtBefore":false},{"productId":"5029544-EA-000","brand":"Leggo's","name":"Italian Herbs With Basil & Parlsey Passata Cooking Sauce","displayName":"700g","availability":["IN_STORE","ONLINE"],"saleType":"UNITS","restrictedFlag":false,"liquorFlag":false,"tobaccoFlag":false,"originRegulated":false,"singlePrice":{"price":399,"comparativePrice":{"pricePerUnit":57,"unitQuantity":100,"unitQuantityUom":"g","measureDescription":"100g"}},"facets":[{"itemCode":"00020010","itemDescription":"Low Salt"},{"itemCode":"00020009","itemDescription":"Low Fat"}],"categoryTrees":[{"level0":"Pantry","level1":"Cooking Sauces, Stocks & Marinades","level2":"Pasta & Pizza Sauce"}],"cateredFlag":false,"algoliaAnalytics":{"searchQueryID":"0ec6b5f7fe3a45821eb83e43a3f636d0","searchPosition":846},"boughtBefore":false},{"productId":"5001005-EA-000","brand":"Verkerks","name":"Danish Salami","displayName":"100g","availability":["IN_STORE","ONLINE"],"saleType":"UNITS","restrictedFlag":false,"liquorFlag":false,"tobaccoFlag":false,"originRegulated":false,"singlePrice":{"price":309,"comparativePrice":{"pricePerUnit":3090,"unitQuantity":1,"unitQuantityUom":"kg","measureDescription":"1kg"}},"facets":[{"itemCode":"00020012","itemDescription":"Non-GMO"},{"itemCode":"00020004","itemDescription":"Gluten Free"}],"categoryTrees":[{"level0":"Fridge, Deli & Eggs","level1":"Deli Meats & Smoked Fish","level2":"Salami & Cured Meats"},{"level0":"Meat, Poultry & Seafood","level1":"Deli Meats","level2":"Salami & Cured Meats"}],"cateredFlag":false,"algoliaAnalytics":{"searchQueryID":"0ec6b5f7fe3a45821eb83e43a3f636d0","searchPosition":847},"boughtBefore":false},{"productId":"5016432-EA-000","brand":"Beehive","name":"Shaved Peppered Ham","displayName":"2 x 50g","availability":["IN_STORE","ONLINE"],"saleType":"UNITS","restrictedFlag":false,"liquorFlag":false,"tobaccoFlag":false,"originRegulated":true,"originStatement":"Made in New Zealand using pork from pigs raised in one or more of the countries: Australia, Belgium, Canada, Denmark, Finland, France, Germany, Ireland, Netherlands, Poland, UK, Spain, Sweden, USA.","singlePrice":{"price":259,"comparativePrice":{"pricePerUnit":2590,"unitQuantity":1,"unitQuantityUom":"kg","measureDescription":"1kg"}},"facets":[{"itemCode":"00020004","itemDescription":"Gluten Free"},{"itemCode":"00020009","itemDescription":"Low Fat"}],"categoryTrees":[{"level0":"Fridge, Deli & Eggs","level1":"Deli Meats & Smoked Fish","level2":"Ham & Pork Slices"},{"level0":"Meat, Poultry & Seafood","level1":"Deli Meats","level2":"Ham & Pork Slices"}],"cateredFlag":false,"algoliaAnalytics":{"searchQueryID":"0ec6b5f7fe3a45821eb83e43a3f636d0","searchPosition":848},"boughtBefore":false},{"productId":"5011598-EA-000","brand":"Raro","name":"Island Groove Flavoured Beverage Mix","displayName":"3 x 80g","availability":["IN_STORE","ONLINE"],"saleType":"UNITS","restrictedFlag":false,"liquorFlag":false,"tobaccoFlag":false,"originRegulated":false,"singlePrice":{"price":179,"comparativePrice":{"pricePerUnit":75,"unitQuantity":100,"unitQuantityUom":"g","measureDescription":"100g"}},"facets":[{"itemCode":"00020012","itemDescription":"Non-GMO"}],"categoryTrees":[{"level0":"Hot & Cold Drinks","level1":"Syrups, Cordials & Powdered Drinks","level2":"Powdered Drinks"}],"cateredFlag":false,"algoliaAnalytics":{"searchQueryID":"0ec6b5f7fe3a45821eb83e43a3f636d0","searchPosition":849},"boughtBefore":false},{"productId":"5002729-EA-000","brand":"Anchor","name":"Longlife Cream","displayName":"250ml","availability":["IN_STORE","ONLINE"],"saleType":"UNITS","restrictedFlag":false,"liquorFlag":false,"tobaccoFlag":false,"originRegulated":false,"singlePrice":{"price":389,"comparativePrice":{"pricePerUnit":156,"unitQuantity":100,"unitQuantityUom":"ml","measureDescription":"100ml"}},"facets":[{"itemCode":"00020012","itemDescription":"Non-GMO"}],"categoryTrees":[{"level0":"Fridge, Deli & Eggs","level1":"Milk","level2":"UHT Milk & Milk Powder"},{"level0":"Pantry","level1":"Long Life & Dairy Free Milk","level2":"UHT Milk & Milk Powder"}],"cateredFlag":false,"algoliaAnalytics":{"searchQueryID":"0ec6b5f7fe3a45821eb83e43a3f636d0","searchPosition":850},"boughtBefore":false}],"algoliaSearchResult":{"facets":{"brand":{"Pams":809,"Wattie's":155,"Mrs Rogers":111,"Colgate":90,"Anchor":81,"Korbond":81,"Healtheries":80,"Tip Top":72,"Hellers":64,"VitaPet":63,"Gregg's":60,"Value":60,"Ceres Organics":56,"Continental":52,"Dettol":52,"Tasti":52,"Mainland":51,"Griffin's":50,"Maggi":50,"Pams Value":50,"Nivea":49,"Red Seal":49,"Dove":48,"Barker's":47,"Meadow Fresh":47,"Musashi":46,"Huggies":44,"Nestle":43,"Nescafe":41,"Palmolive":40,"McCain":39,"Bic":38,"Masterfoods":37,"Mother Earth":36,"Cadbury":35,"Delmaine":34,"Kellogg's":34,"Heinz":33,"Sealord":33,"Graze":31,"Lewis Road Creamery":31,"Sistema":31,"Whittaker's":31,"Chux":30,"Edmonds":30,"Jed's Coffee Co.":30,"The Collective":30,"Pams Finest":29,"Avalanche":28,"Bundaberg":28,"Energizer":28,"Whiskas":28,"Big Black Sacks":27,"Bluebird":27,"Glow Lab":27,"Kapiti":27,"Palmolive Naturals":27,"Arnott's":26,"Diamond":26,"Fresh To Go":26,"Hubbards":26,"Lindt":26,"Schweppes":26,"Farrah's":25,"Moccona":25,"Old El Paso":25,"Persil":25,"Philips":25,"Best":24,"Chef":24,"Fresh 'n Fruity":24,"Schick":24,"Tegel":24,"Eta":23,"Purina Fancy Feast":23,"Surv":23,"Dairyworks":22,"Dine":22,"Ecostore":22,"Harpic":22,"North Head":22,"San Remo":22,"Head & Shoulders":21,"John West":21,"Lee Kum Kee":21,"Rascals":21,"V":21,"Verkerks":21,"Chelsea":20,"Jacob's Creek":20,"Leggo's":20,"Only Organic":20,"Sanitarium Up & Go":20,"U By Kotex":20,"Campbell's":19,"Eveready":19,"Magnum":19,"Nivea Men":19,"Poise":19,"Schwarzkopf Extra Care":19},"tobacco":{"false":9994},"category1NI":{"Chips, Nuts & Snacks":445,"Canned Foods & Packets":347,"Pams":344,"Biscuits & Crackers":304,"Back to School":290,"Chocolate, Sweets & Chewing Gum":288,"Cooking Sauces, Stocks & Marinades":274,"Hair Care":265,"Stationery & Entertainment":257,"Cheese":238,"Lunchbox Snacks":235,"Spices, Seasoning & Coatings":234,"Baking Supplies & Sugar":231,"Coffee":226,"Table Sauces, Dressings & Condiments":225,"Pasta, Rice & Noodles":224,"Cat":213,"Ice Cream & Sorbet":204,"Yoghurt":202,"Cleaning & Accessories":199,"Easy Meals & Meal Kits":176,"Deli Meats & Smoked Fish":169,"Homewares":165,"Food Wrap, Storage & Bags":163,"Dental & Oral Care":159,"Bath, Shower & Soap":157,"Red Wine":156,"Dog":151,"Soft Drinks & Mixers":148,"Breakfast Cereals":146,"Skin Care & Sun Care":143,"Deli Meats":137,"Laundry":134,"White Wine":130,"Medical & First Aid":125,"$5 Week 1":117,"Juice & Smoothies":111,"Period & Continence Care":111,"World Foods":111,"Vegetables":107,"Dips, Hummus & Antipasti":103,"Vitamins & Supplements":101,"Milk":98,"Deodorant & Body Sprays":97,"Ready to Eat":95,"Batteries & Electrical":93,"Jams, Honey & Spreads":93,"Beer":92,"Tea":91,"Sports & Energy Drinks":90,"Bulk Foods":86,"Desserts":86,"Nappies & Changing":83,"Chilled Soups & Ready Meals":80,"Frozen Chicken & Meat":76,"Garage & Outdoor":76,"Baby & Toddler Food":74,"Sliced & Packaged Bread":72,"Kitchen Cleaners":71,"Cakes, Muffins & Desserts":67,"Hot Chocolate & Milk Drinks":67,"Shaving & Hair Removal":65,"Frozen Fish & Seafood":64,"Bathroom & Toilet Cleaners":61,"Fresh Salad & Herbs":61,"Sports Nutrition & Weight Management":60,"Frozen Vegetables":57,"In-Store Bakery":57,"Oil & Vinegar":56,"Frozen Dumplings, Pies & Snacks":53,"Dishwashing":52,"Frozen Pizza & Ready Meals":52,"Wraps, Pita & Flat Bread":50,"Butter & Margarine":48,"Frozen Fruit & Desserts":46,"Pest & Insect Control":46,"Syrups, Cordials & Powdered Drinks":46,"Long Life & Dairy Free Milk":45,"Chilled Pasta, Pizza & Garlic Bread":43,"Baby & Toddler Toiletries":41,"Toilet Paper, Tissues & Paper Towels":40,"Mince, Sausages & Meatballs":39,"Rose Wine":39,"Seafood":39,"Champagne & Sparkling Wine":38,"Baby Formula":37,"Frozen Chips & Hash Browns":36,"Fruit":36,"Bagels, Crumpets & Pancakes":35,"Cream, Custard & Desserts":34,"Craft Beer":31,"Water":31,"Chicken & Poultry":30,"Kombucha & Functional Drinks":29,"Clothing & Accessories":28,"Nursing & Feeding":28,"Alcohol Free Drinks":27,"Burger Buns, Rolls & Garlic Bread":26,"Cider":24,"Frozen Pastry & Bread":23},"onPromotion":{"61dd754e-8525-4b9e-9e08-173389eea8a8":2714,"c3f9e1a3-fc34-452d-af2e-95349e666ba4":2702,"715f0e22-95e0-45ce-af3a-07057209976e":2698,"4a279605-eaa8-470d-bcd4-0a9e3c9ab43b":2685,"5cf0392f-c187-4fc4-a463-eb269d2e8f45":2660,"90082979-fb9f-4305-9c72-83274fc438cc":2656,"b29a98bd-749c-489c-9eef-6aa38e66a29b":2631,"2ed73be8-936d-4f35-9398-75a707f40a7b":2560,"dbca5e00-f7f9-43ae-91de-031ad16f8a92":2548,"be4c4780-218e-425a-a90f-63e21773572b":2538,"8cd700ae-d96f-4761-bd7a-805d6b93536d":2460,"d8032da3-c1b9-456e-b626-41ce21f8c67b":2401,"3c5e3145-0767-4066-9349-6c0a1313acc5":2383,"bdc5ef4a-c6a7-4f8a-b8cb-28109e6d61c3":2266,"2a1b331a-fc4a-496a-b072-e97cc8f70cae":2066,"d6d39eea-889d-4e20-923c-55cab225cf7f":2060,"c2204dae-579e-4b6b-9d42-2e13ceaa6031":2057,"65defcf2-bc15-490e-a84f-1f13b769cd22":2047,"8f0d70be-5cb7-464b-99cb-8b0130671895":2024,"b92cc33f-b5a8-4b57-9b82-412946800020":1977,"3404c253-577f-45ca-b301-c98312e46efb":1965,"c0f80e87-16be-4488-9553-da437e8c6c2a":1954,"6e6809dd-01bc-45c9-aab1-f01ccd8338b0":1952,"3bfe040b-f0c9-45e0-949b-b9ad5a591d55":1940,"92086ded-a55d-4241-a364-7d7ea91531b4":1937,"48dd98cc-a757-4102-b15d-ea82b4b10571":1931,"49037947-e450-49bf-ba1f-a94551c79a72":1915,"21ecaaed-0749-4492-985e-4bb7ba43d59c":1903,"3bb30799-82ce-4648-8c02-5113228963ed":1895,"01a114de-149c-4f5f-80a1-90cc63f69c6e":1886,"c180a72d-5dbe-4403-b7c7-91655e505492":1877,"714431ab-6e39-4df6-ac77-cfc5c1e25bc8":1864,"e1925ea7-01bc-4358-ae7c-c6502da5ab12":1860,"64eab5b1-8d79-45f4-94f1-02b8cf8b6202":1857,"1c388d5e-29ac-4956-b476-cb3431353d2e":1852,"5f167936-79ae-4f6a-b9d2-74afe1bb096b":1845,"d1cd1fdd-8767-46a6-a8d3-c3e0632c2dc8":1845,"b2e98a14-c8ca-401e-99ed-edf74570c6f6":1838,"af385423-d0f1-41f0-9482-ffd10b745143":1829,"6cda96e1-7d29-44a6-956b-3fcfdecc8184":1820,"529d66cc-60e3-432e-b8d1-efc9f2ec4919":1815,"4fcc1c8e-cc5e-4675-ba25-5e56b579cf69":1800,"7d48a781-4f68-4c91-a908-8659e1b22f95":1773,"53989945-1a28-481d-a61c-d6f75f760ada":1767,"60561e46-ece7-43a7-b142-9b14812586e4":1765,"9cd8eb60-3222-4efc-bd7c-50e03e6a81a4":1761,"33d8d6fc-861a-45ff-9937-5ccdb55eaede":1756,"15e6f441-5c1c-4d25-b4ec-1adf918c49c7":1746,"98ec3885-ac93-4fcb-807b-59c9055c52c4":1730,"94ef1985-cab1-4b39-a2f3-230120f03c16":1727,"a7d09522-bee2-41e4-8fe0-0b82b7f342f5":1712,"6c73764e-b8e6-4e55-ad37-f6a9d207da1f":1700,"b83029b6-5dd5-449e-8056-26f3943a4e18":1699,"50b1216b-d066-4457-b88b-9bccf97bf6d3":1684,"3e82142c-78dc-46f3-82ec-28e65fcf84c9":1614,"b39562a4-2b72-43fe-b9ba-eda1d651ad0b":1577,"076e8177-943b-41fc-a885-ba3d28297acf":1534},"productFacets":{"Non-GMO":4194,"Gluten Free":1186,"Dairy Free":518,"Vegetarian":461,"Low Fat":431,"Vegan":397,"Low Sugar":355,"Organic":260,"Halal":229,"Free Range":100,"Cage Free":47,"Keto":27,"Low Salt":24,"Healthy Heart Tick":1}}},"algoliaFacetQueriesResults":[],"totalHits":1000,"page":16,"totalPages":20,"hitsPerPage":50}
,
{"tobaccoProducts":false,"products":[{"productId":"5046766-EA-000","name":"Coconut Dry","displayName":"ea","availability":["IN_STORE","ONLINE"],"saleType":"UNITS","restrictedFlag":false,"liquorFlag":false,"tobaccoFlag":false,"originRegulated":true,"originStatement":"Product of Samoa","singlePrice":{"price":299},"categoryTrees":[{"level0":"Fruit & Vegetables","level1":"Fruit","level2":"Tropical & Exotic Fruit"}],"cateredFlag":false,"algoliaAnalytics":{"searchQueryID":"d815d48d48194a724f0d268c0b367abe","searchPosition":751},"boughtBefore":false},{"productId":"5010718-EA-000","brand":"Bluebird","name":"Originals Green Onion Potato Chips","displayName":"150g","availability":["IN_STORE","ONLINE"],"saleType":"UNITS","restrictedFlag":false,"liquorFlag":false,"tobaccoFlag":false,"originRegulated":false,"singlePrice":{"price":219,"comparativePrice":{"pricePerUnit":146,"unitQuantity":100,"unitQuantityUom":"g","measureDescription":"100g"}},"facets":[{"itemCode":"00020014","itemDescription":"Vegetarian"},{"itemCode":"00020012","itemDescription":"Non-GMO"},{"itemCode":"00020004","itemDescription":"Gluten Free"}],"categoryTrees":[{"level0":"Snacks, Treats & Easy Meals","level1":"Chips, Nuts & Snacks","level2":"Chips"},{"level0":"Pantry","level1":"Chips, Nuts & Snacks","level2":"Chips"}],"cateredFlag":false,"algoliaAnalytics":{"searchQueryID":"d815d48d48194a724f0d268c0b367abe","searchPosition":752},"boughtBefore":false},{"productId":"5008899-EA-000","brand":"Pams","name":"Crushed Garlic","displayName":"230g","availability":["IN_STORE","ONLINE"],"saleType":"UNITS","restrictedFlag":false,"liquorFlag":false,"tobaccoFlag":false,"originRegulated":false,"singlePrice":{"price":189,"comparativePrice":{"pricePerUnit":822,"unitQuantity":1,"unitQuantityUom":"kg","measureDescription":"1kg"}},"facets":[{"itemCode":"00020012","itemDescription":"Non-GMO"},{"itemCode":"00020007","itemDescription":"Dairy Free"}],"categoryTrees":[{"level0":"Pantry","level1":"Spices, Seasoning & Coatings","level2":"Garlic & Ginger"},{"level0":"Featured","level1":"Pams","level2":"Spices & Seasonings"}],"cateredFlag":false,"algoliaAnalytics":{"searchQueryID":"d815d48d48194a724f0d268c0b367abe","searchPosition":753},"boughtBefore":false},{"productId":"5007272-EA-000","brand":"Kellogg's","name":"Nutri-Grain Breakfast Cereal","displayName":"290g","availability":["IN_STORE","ONLINE"],"saleType":"UNITS","restrictedFlag":false,"liquorFlag":false,"tobaccoFlag":false,"originRegulated":false,"singlePrice":{"price":579,"comparativePrice":{"pricePerUnit":200,"unitQuantity":100,"unitQuantityUom":"g","measureDescription":"100g"}},"categoryTrees":[{"level0":"Pantry","level1":"Breakfast Cereals","level2":"Family Favourites"}],"cateredFlag":false,"algoliaAnalytics":{"searchQueryID":"d815d48d48194a724f0d268c0b367abe","searchPosition":754},"boughtBefore":false},{"productId":"5007407-EA-000","brand":"Rolling Meadow","name":"Tasty Cheese","displayName":"800g","availability":["IN_STORE","ONLINE"],"saleType":"UNITS","restrictedFlag":false,"liquorFlag":false,"tobaccoFlag":false,"originRegulated":false,"singlePrice":{"price":1249,"promoId":"129966686","comparativePrice":{"pricePerUnit":156,"unitQuantity":100,"unitQuantityUom":"g","measureDescription":"100g"}},"promotions":[{"promoId":"129966686","rewardValue":1249,"decal":"6000","sapType":"BASE","rewardType":"NEW_PRICE","threshold":1,"limit":0,"multiProducts":false,"cardDependencyFlag":false,"bestPromotion":true,"comparativePrice":{"pricePerUnit":156,"unitQuantity":100,"unitQuantityUom":"g","measureDescription":"100g"}}],"facets":[{"itemCode":"00020014","itemDescription":"Vegetarian"},{"itemCode":"00020012","itemDescription":"Non-GMO"},{"itemCode":"00020004","itemDescription":"Gluten Free"},{"itemCode":"00020002","itemDescription":"Halal"}],"categoryTrees":[{"level0":"Fridge, Deli & Eggs","level1":"Cheese","level2":"Everyday Cheese Blocks"}],"cateredFlag":false,"algoliaAnalytics":{"searchQueryID":"d815d48d48194a724f0d268c0b367abe","searchPosition":755},"boughtBefore":false},{"productId":"5004857-EA-000","brand":"Pams","name":"Whole Gherkins","displayName":"670g","availability":["IN_STORE","ONLINE"],"saleType":"UNITS","restrictedFlag":false,"liquorFlag":false,"tobaccoFlag":false,"originRegulated":false,"singlePrice":{"price":259,"comparativePrice":{"pricePerUnit":387,"unitQuantity":1,"unitQuantityUom":"kg","measureDescription":"1kg"}},"facets":[{"itemCode":"00020007","itemDescription":"Dairy Free"},{"itemCode":"00020012","itemDescription":"Non-GMO"}],"categoryTrees":[{"level0":"Pantry","level1":"Table Sauces, Dressings & Condiments","level2":"Gherkins & Pickled Vegetables"},{"level0":"Featured","level1":"Pams","level2":"Condiments & Dressings"}],"cateredFlag":false,"algoliaAnalytics":{"searchQueryID":"d815d48d48194a724f0d268c0b367abe","searchPosition":756},"boughtBefore":false},{"productId":"5015316-EA-000","brand":"North's","name":"Wheatmeal Toast Sliced Bread","displayName":"600g","availability":["IN_STORE","ONLINE"],"saleType":"UNITS","restrictedFlag":false,"liquorFlag":false,"tobaccoFlag":false,"originRegulated":false,"singlePrice":{"price":249,"comparativePrice":{"pricePerUnit":42,"unitQuantity":100,"unitQuantityUom":"g","measureDescription":"100g"}},"facets":[{"itemCode":"00020012","itemDescription":"Non-GMO"}],"categoryTrees":[{"level0":"Bakery","level1":"Sliced & Packaged Bread","level2":"Wholemeal, Grain & Seeded Bread"}],"cateredFlag":false,"algoliaAnalytics":{"searchQueryID":"d815d48d48194a724f0d268c0b367abe","searchPosition":757},"boughtBefore":false},{"productId":"5012010-EA-000","brand":"Henergy","name":"Cage-Free Size 6 Eggs","displayName":"12pk","availability":["IN_STORE","ONLINE"],"saleType":"UNITS","restrictedFlag":false,"liquorFlag":false,"tobaccoFlag":false,"originRegulated":false,"singlePrice":{"price":899,"comparativePrice":{"pricePerUnit":75,"unitQuantity":1,"unitQuantityUom":"ea","measureDescription":"ea"}},"facets":[{"itemCode":"00020012","itemDescription":"Non-GMO"},{"itemCode":"00020006","itemDescription":"Cage Free"}],"categoryTrees":[{"level0":"Fridge, Deli & Eggs","level1":"Eggs","level2":"Barn Eggs"}],"cateredFlag":false,"algoliaAnalytics":{"searchQueryID":"d815d48d48194a724f0d268c0b367abe","searchPosition":758},"boughtBefore":false},{"productId":"5001241-EA-000","brand":"Sanitarium","name":"Marmite","displayName":"250g","availability":["IN_STORE","ONLINE"],"saleType":"UNITS","restrictedFlag":false,"liquorFlag":false,"tobaccoFlag":false,"originRegulated":false,"singlePrice":{"price":399,"promoId":"129968368","comparativePrice":{"pricePerUnit":160,"unitQuantity":100,"unitQuantityUom":"g","measureDescription":"100g"}},"promotions":[{"promoId":"129968368","rewardValue":399,"decal":"6000","sapType":"BASE","rewardType":"NEW_PRICE","threshold":1,"limit":0,"multiProducts":false,"cardDependencyFlag":false,"bestPromotion":true,"comparativePrice":{"pricePerUnit":160,"unitQuantity":100,"unitQuantityUom":"g","measureDescription":"100g"}}],"facets":[{"itemCode":"00020014","itemDescription":"Vegetarian"},{"itemCode":"00020012","itemDescription":"Non-GMO"}],"categoryTrees":[{"level0":"Pantry","level1":"Jams, Honey & Spreads","level2":"Savoury Spreads"}],"cateredFlag":false,"algoliaAnalytics":{"searchQueryID":"d815d48d48194a724f0d268c0b367abe","searchPosition":759},"boughtBefore":false},{"productId":"5249665-EA-000","brand":"Cadbury Dairy Milk","name":"Marvelous Creations Jelly Popping Candy Beanies Chocolate Block","displayName":"190g","availability":["IN_STORE","ONLINE"],"saleType":"UNITS","restrictedFlag":false,"liquorFlag":false,"tobaccoFlag":false,"originRegulated":false,"singlePrice":{"price":329,"promoId":"130003269","comparativePrice":{"pricePerUnit":173,"unitQuantity":100,"unitQuantityUom":"g","measureDescription":"100g"}},"promotions":[{"promoId":"130003269","rewardValue":329,"decal":"6000","sapType":"BASE","rewardType":"NEW_PRICE","threshold":1,"limit":0,"multiProducts":false,"cardDependencyFlag":false,"bestPromotion":true,"comparativePrice":{"pricePerUnit":173,"unitQuantity":100,"unitQuantityUom":"g","measureDescription":"100g"}}],"facets":[{"itemCode":"00020012","itemDescription":"Non-GMO"}],"categoryTrees":[{"level0":"Snacks, Treats & Easy Meals","level1":"Chocolate, Sweets & Chewing Gum","level2":"Chocolate Blocks"},{"level0":"Pantry","level1":"Chocolate, Sweets & Chewing Gum","level2":"Chocolate Blocks"}],"cateredFlag":false,"algoliaAnalytics":{"searchQueryID":"d815d48d48194a724f0d268c0b367abe","searchPosition":760},"boughtBefore":false},{"productId":"5012520-EA-000","brand":"Verkerks","name":"Italian Salami","displayName":"100g","availability":["IN_STORE","ONLINE"],"saleType":"UNITS","restrictedFlag":false,"liquorFlag":false,"tobaccoFlag":false,"originRegulated":false,"singlePrice":{"price":309,"comparativePrice":{"pricePerUnit":3090,"unitQuantity":1,"unitQuantityUom":"kg","measureDescription":"1kg"}},"facets":[{"itemCode":"00020004","itemDescription":"Gluten Free"},{"itemCode":"00020012","itemDescription":"Non-GMO"}],"categoryTrees":[{"level0":"Fridge, Deli & Eggs","level1":"Deli Meats & Smoked Fish","level2":"Salami & Cured Meats"},{"level0":"Meat, Poultry & Seafood","level1":"Deli Meats","level2":"Salami & Cured Meats"}],"cateredFlag":false,"algoliaAnalytics":{"searchQueryID":"d815d48d48194a724f0d268c0b367abe","searchPosition":761},"boughtBefore":false},{"productId":"5008619-EA-000","brand":"Cleanskin","name":"Pinot Gris","displayName":"750ml","availability":["IN_STORE","ONLINE"],"saleType":"UNITS","restrictedFlag":true,"liquorFlag":true,"tobaccoFlag":false,"originRegulated":false,"singlePrice":{"price":799},"facets":[{"itemCode":"00020012","itemDescription":"Non-GMO"}],"categoryTrees":[{"level0":"Beer, Wine & Cider","level1":"White Wine","level2":"Pinot Gris"}],"cateredFlag":false,"algoliaAnalytics":{"searchQueryID":"d815d48d48194a724f0d268c0b367abe","searchPosition":762},"boughtBefore":false},{"productId":"5264171-EA-000","brand":"Pams","name":"Washed White Potatoes","displayName":"2.5kg","availability":["IN_STORE","ONLINE"],"saleType":"UNITS","restrictedFlag":false,"liquorFlag":false,"tobaccoFlag":false,"originRegulated":true,"originStatement":"Product of New Zealand","singlePrice":{"price":899,"comparativePrice":{"pricePerUnit":360,"unitQuantity":1,"unitQuantityUom":"kg","measureDescription":"1kg"}},"facets":[{"itemCode":"00020012","itemDescription":"Non-GMO"},{"itemCode":"00020007","itemDescription":"Dairy Free"}],"categoryTrees":[{"level0":"Fruit & Vegetables","level1":"Vegetables","level2":"Potato & Kumara"}],"cateredFlag":false,"algoliaAnalytics":{"searchQueryID":"d815d48d48194a724f0d268c0b367abe","searchPosition":763},"boughtBefore":false},{"productId":"5003046-EA-000","brand":"SunRice","name":"Australian Medium Grain Calrose Rice","displayName":"5kg","availability":["IN_STORE","ONLINE"],"saleType":"UNITS","restrictedFlag":false,"liquorFlag":false,"tobaccoFlag":false,"originRegulated":false,"singlePrice":{"price":1499,"comparativePrice":{"pricePerUnit":30,"unitQuantity":100,"unitQuantityUom":"g","measureDescription":"100g"}},"facets":[{"itemCode":"00020004","itemDescription":"Gluten Free"},{"itemCode":"00020010","itemDescription":"Low Salt"},{"itemCode":"00020009","itemDescription":"Low Fat"}],"categoryTrees":[{"level0":"Pantry","level1":"Pasta, Rice & Noodles","level2":"Rice"}],"cateredFlag":false,"algoliaAnalytics":{"searchQueryID":"d815d48d48194a724f0d268c0b367abe","searchPosition":764},"boughtBefore":false},{"productId":"5021122-EA-000","brand":"Turk's","name":"Chicken Frankfurters","displayName":"6pk","availability":["IN_STORE","ONLINE"],"saleType":"UNITS","restrictedFlag":false,"liquorFlag":false,"tobaccoFlag":false,"originRegulated":false,"singlePrice":{"price":629,"comparativePrice":{"pricePerUnit":105,"unitQuantity":1,"unitQuantityUom":"ea","measureDescription":"ea"}},"categoryTrees":[{"level0":"Meat, Poultry & Seafood","level1":"Chicken & Poultry","level2":"Chicken Sausages"}],"cateredFlag":false,"algoliaAnalytics":{"searchQueryID":"d815d48d48194a724f0d268c0b367abe","searchPosition":765},"boughtBefore":false},{"productId":"5265844-EA-000","brand":"Kingfisher Beer","name":"Strong Lager Can","displayName":"500ml","availability":["IN_STORE","ONLINE"],"saleType":"UNITS","restrictedFlag":true,"liquorFlag":true,"tobaccoFlag":false,"originRegulated":false,"singlePrice":{"price":479},"categoryTrees":[{"level0":"Beer, Wine & Cider","level1":"Beer","level2":"International Beers"}],"cateredFlag":false,"algoliaAnalytics":{"searchQueryID":"d815d48d48194a724f0d268c0b367abe","searchPosition":766},"boughtBefore":false},{"productId":"5021436-EA-000","brand":"Wattie's","name":"Chickpeas In Spring Water","displayName":"400g","availability":["IN_STORE","ONLINE"],"saleType":"UNITS","restrictedFlag":false,"liquorFlag":false,"tobaccoFlag":false,"originRegulated":false,"singlePrice":{"price":179,"promoId":"129966121","comparativePrice":{"pricePerUnit":448,"unitQuantity":1,"unitQuantityUom":"kg","measureDescription":"1kg"}},"promotions":[{"promoId":"129966121","rewardValue":179,"decal":"6000","sapType":"BASE","rewardType":"NEW_PRICE","threshold":1,"limit":0,"multiProducts":false,"cardDependencyFlag":false,"bestPromotion":true,"comparativePrice":{"pricePerUnit":448,"unitQuantity":1,"unitQuantityUom":"kg","measureDescription":"1kg"}}],"facets":[{"itemCode":"00020012","itemDescription":"Non-GMO"}],"categoryTrees":[{"level0":"Pantry","level1":"Canned Foods & Packets","level2":"Chickpeas, Lentils & Beans"}],"cateredFlag":false,"algoliaAnalytics":{"searchQueryID":"d815d48d48194a724f0d268c0b367abe","searchPosition":767},"boughtBefore":false},{"productId":"5256396-EA-000","brand":"San Remo","name":"Traditional Gnocchi","displayName":"500g","availability":["IN_STORE","ONLINE"],"saleType":"UNITS","restrictedFlag":false,"liquorFlag":false,"tobaccoFlag":false,"originRegulated":false,"singlePrice":{"price":279,"comparativePrice":{"pricePerUnit":56,"unitQuantity":100,"unitQuantityUom":"g","measureDescription":"100g"}},"facets":[{"itemCode":"00020013","itemDescription":"Vegan"}],"categoryTrees":[{"level0":"Pantry","level1":"Pasta, Rice & Noodles","level2":"Dried Pasta"}],"cateredFlag":false,"algoliaAnalytics":{"searchQueryID":"d815d48d48194a724f0d268c0b367abe","searchPosition":768},"boughtBefore":false},{"productId":"5029020-EA-000","brand":"Pams Plant Based","name":"Original Almond Milk","displayName":"1l","availability":["IN_STORE","ONLINE"],"saleType":"UNITS","restrictedFlag":false,"liquorFlag":false,"tobaccoFlag":false,"originRegulated":false,"singlePrice":{"price":339,"comparativePrice":{"pricePerUnit":339,"unitQuantity":1,"unitQuantityUom":"L","measureDescription":"1L"}},"facets":[{"itemCode":"00020007","itemDescription":"Dairy Free"},{"itemCode":"00020004","itemDescription":"Gluten Free"},{"itemCode":"00020012","itemDescription":"Non-GMO"},{"itemCode":"00020009","itemDescription":"Low Fat"},{"itemCode":"00020014","itemDescription":"Vegetarian"},{"itemCode":"00020013","itemDescription":"Vegan"}],"categoryTrees":[{"level0":"Pantry","level1":"Long Life & Dairy Free Milk","level2":"Nut Milk"},{"level0":"Featured","level1":"Pams","level2":"Dairy & Eggs"}],"cateredFlag":false,"algoliaAnalytics":{"searchQueryID":"d815d48d48194a724f0d268c0b367abe","searchPosition":769},"boughtBefore":false},{"productId":"5010653-EA-000","brand":"Wrigley's Extra","name":"Spearmint Sugar Free Chewing Gum","displayName":"27g","availability":["IN_STORE","ONLINE"],"saleType":"UNITS","restrictedFlag":false,"liquorFlag":false,"tobaccoFlag":false,"originRegulated":false,"singlePrice":{"price":249,"promoId":"129877746","comparativePrice":{"pricePerUnit":922,"unitQuantity":100,"unitQuantityUom":"g","measureDescription":"100g"}},"promotions":[{"promoId":"129877746","rewardValue":249,"decal":"7000","sapType":"BASE","rewardType":"NEW_PRICE","threshold":1,"limit":0,"multiProducts":false,"cardDependencyFlag":false,"bestPromotion":true,"comparativePrice":{"pricePerUnit":922,"unitQuantity":100,"unitQuantityUom":"g","measureDescription":"100g"}}],"facets":[{"itemCode":"00020011","itemDescription":"Low Sugar"}],"categoryTrees":[{"level0":"Snacks, Treats & Easy Meals","level1":"Chocolate, Sweets & Chewing Gum","level2":"Chewing Gum & Mints"},{"level0":"Pantry","level1":"Chocolate, Sweets & Chewing Gum","level2":"Chewing Gum & Mints"}],"cateredFlag":false,"algoliaAnalytics":{"searchQueryID":"d815d48d48194a724f0d268c0b367abe","searchPosition":770},"boughtBefore":false},{"productId":"5008400-EA-000","brand":"Turkish Bread","name":"Thin Crispy Pizza Bases","displayName":"3 x 150g","availability":["IN_STORE","ONLINE"],"saleType":"UNITS","restrictedFlag":false,"liquorFlag":false,"tobaccoFlag":false,"originRegulated":false,"singlePrice":{"price":559,"comparativePrice":{"pricePerUnit":124,"unitQuantity":100,"unitQuantityUom":"g","measureDescription":"100g"}},"facets":[{"itemCode":"00020009","itemDescription":"Low Fat"},{"itemCode":"00020011","itemDescription":"Low Sugar"}],"categoryTrees":[{"level0":"Fridge, Deli & Eggs","level1":"Chilled Pasta, Pizza & Garlic Bread","level2":"Chilled Pizza & Bases"},{"level0":"Bakery","level1":"Wraps, Pita & Flat Bread","level2":"Pizza Bases"},{"level0":"Snacks, Treats & Easy Meals","level1":"Easy Meals & Meal Kits","level2":"Pizza"}],"cateredFlag":false,"algoliaAnalytics":{"searchQueryID":"d815d48d48194a724f0d268c0b367abe","searchPosition":771},"boughtBefore":false},{"productId":"5010524-EA-000","brand":"Mentos","name":"Mint Roll","displayName":"37.5g","availability":["IN_STORE","ONLINE"],"saleType":"UNITS","restrictedFlag":false,"liquorFlag":false,"tobaccoFlag":false,"originRegulated":false,"singlePrice":{"price":139,"comparativePrice":{"pricePerUnit":371,"unitQuantity":100,"unitQuantityUom":"g","measureDescription":"100g"}},"categoryTrees":[{"level0":"Snacks, Treats & Easy Meals","level1":"Chocolate, Sweets & Chewing Gum","level2":"Chewing Gum & Mints"},{"level0":"Pantry","level1":"Chocolate, Sweets & Chewing Gum","level2":"Chewing Gum & Mints"}],"cateredFlag":false,"algoliaAnalytics":{"searchQueryID":"d815d48d48194a724f0d268c0b367abe","searchPosition":772},"boughtBefore":false},{"productId":"5007137-EA-000","brand":"Pams","name":"Baking Soda","displayName":"500g","availability":["IN_STORE","ONLINE"],"saleType":"UNITS","restrictedFlag":false,"liquorFlag":false,"tobaccoFlag":false,"originRegulated":false,"singlePrice":{"price":243,"comparativePrice":{"pricePerUnit":49,"unitQuantity":100,"unitQuantityUom":"g","measureDescription":"100g"}},"facets":[{"itemCode":"00020012","itemDescription":"Non-GMO"}],"categoryTrees":[{"level0":"Pantry","level1":"Baking Supplies & Sugar","level2":"Baking Powder & Raising Agents"},{"level0":"Featured","level1":"Pams","level2":"Baking Supplies & Sugar"}],"cateredFlag":false,"algoliaAnalytics":{"searchQueryID":"d815d48d48194a724f0d268c0b367abe","searchPosition":773},"boughtBefore":false},{"productId":"5275983-EA-000","brand":"Fresh 'n Fruity","name":"Simply Apricot Yoghurt","displayName":"6 x 125g","availability":["IN_STORE","ONLINE"],"saleType":"UNITS","restrictedFlag":false,"liquorFlag":false,"tobaccoFlag":false,"originRegulated":false,"singlePrice":{"price":419,"promoId":"129963799","comparativePrice":{"pricePerUnit":56,"unitQuantity":100,"unitQuantityUom":"g","measureDescription":"100g"}},"promotions":[{"promoId":"129963799","rewardValue":419,"decal":"6000","sapType":"BASE","rewardType":"NEW_PRICE","threshold":1,"limit":0,"multiProducts":false,"cardDependencyFlag":false,"bestPromotion":true,"comparativePrice":{"pricePerUnit":56,"unitQuantity":100,"unitQuantityUom":"g","measureDescription":"100g"}}],"facets":[{"itemCode":"00020009","itemDescription":"Low Fat"},{"itemCode":"00020012","itemDescription":"Non-GMO"}],"categoryTrees":[{"level0":"Fridge, Deli & Eggs","level1":"Yoghurt","level2":"Yoghurt Multi Packs & Single Serve"},{"level0":"Snacks, Treats & Easy Meals","level1":"Lunchbox Snacks","level2":"Yoghurt Pouches & Single Serve"},{"level0":"Featured","level1":"Back to School","level2":"Breakfast On The Go","webContent":{"badgeSmallUrl":"","badgeMediumUrl":"","badgeLargeUrl":"","title":"","subTitle":"","campaignUrl":""},"appContent":{"badgeSmallUrl":"","badgeMediumUrl":"","badgeLargeUrl":"","title":"","subTitle":"","campaignUrl":""}}],"cateredFlag":false,"algoliaAnalytics":{"searchQueryID":"d815d48d48194a724f0d268c0b367abe","searchPosition":774},"boughtBefore":false},{"productId":"5083327-EA-000","brand":"Pams","name":"Blueberries","displayName":"1kg","availability":["IN_STORE","ONLINE"],"saleType":"UNITS","restrictedFlag":false,"liquorFlag":false,"tobaccoFlag":false,"originRegulated":true,"originStatement":"Product of New Zealand","singlePrice":{"price":1169,"comparativePrice":{"pricePerUnit":1169,"unitQuantity":1,"unitQuantityUom":"kg","measureDescription":"1kg"}},"facets":[{"itemCode":"00020012","itemDescription":"Non-GMO"},{"itemCode":"00020007","itemDescription":"Dairy Free"}],"categoryTrees":[{"level0":"Frozen","level1":"Frozen Fruit & Desserts","level2":"Frozen Fruit"},{"level0":"Featured","level1":"Pams","level2":"Frozen Foods"}],"cateredFlag":false,"algoliaAnalytics":{"searchQueryID":"d815d48d48194a724f0d268c0b367abe","searchPosition":775},"boughtBefore":false},{"productId":"5005357-EA-000","brand":"Pepsi","name":"Soft Drink","displayName":"1.5l","availability":["IN_STORE","ONLINE"],"saleType":"UNITS","restrictedFlag":false,"liquorFlag":false,"tobaccoFlag":false,"originRegulated":false,"singlePrice":{"price":249,"promoId":"130029703","comparativePrice":{"pricePerUnit":166,"unitQuantity":1,"unitQuantityUom":"L","measureDescription":"1L"}},"promotions":[{"promoId":"130029703","rewardValue":249,"decal":"6000","sapType":"BASE","rewardType":"NEW_PRICE","threshold":1,"limit":0,"multiProducts":false,"cardDependencyFlag":false,"bestPromotion":true,"comparativePrice":{"pricePerUnit":166,"unitQuantity":1,"unitQuantityUom":"L","measureDescription":"1L"}}],"facets":[{"itemCode":"00020012","itemDescription":"Non-GMO"}],"categoryTrees":[{"level0":"Hot & Cold Drinks","level1":"Soft Drinks & Mixers","level2":"Cola"}],"cateredFlag":false,"algoliaAnalytics":{"searchQueryID":"d815d48d48194a724f0d268c0b367abe","searchPosition":776},"boughtBefore":false},{"productId":"5013077-EA-000","brand":"Raro","name":"Favourites Blackcurrant Flavoured Beverage Mix","displayName":"3 x 80g","availability":["IN_STORE","ONLINE"],"saleType":"UNITS","restrictedFlag":false,"liquorFlag":false,"tobaccoFlag":false,"originRegulated":false,"singlePrice":{"price":179,"comparativePrice":{"pricePerUnit":75,"unitQuantity":100,"unitQuantityUom":"g","measureDescription":"100g"}},"facets":[{"itemCode":"00020012","itemDescription":"Non-GMO"}],"categoryTrees":[{"level0":"Hot & Cold Drinks","level1":"Syrups, Cordials & Powdered Drinks","level2":"Powdered Drinks"}],"cateredFlag":false,"algoliaAnalytics":{"searchQueryID":"d815d48d48194a724f0d268c0b367abe","searchPosition":777},"boughtBefore":false},{"productId":"5005960-EA-000","brand":"Pams","name":"White Jumbo Tortillas","displayName":"6pk","availability":["IN_STORE","ONLINE"],"saleType":"UNITS","restrictedFlag":false,"liquorFlag":false,"tobaccoFlag":false,"originRegulated":false,"singlePrice":{"price":299,"comparativePrice":{"pricePerUnit":50,"unitQuantity":1,"unitQuantityUom":"ea","measureDescription":"ea"}},"facets":[{"itemCode":"00020012","itemDescription":"Non-GMO"}],"categoryTrees":[{"level0":"Pantry","level1":"World Foods","level2":"Mexican"},{"level0":"Featured","level1":"Pams","level2":"Bakery"}],"cateredFlag":false,"algoliaAnalytics":{"searchQueryID":"d815d48d48194a724f0d268c0b367abe","searchPosition":778},"boughtBefore":false},{"productId":"5251693-EA-000","brand":"McCain","name":"Pub Style Extra Crispy Fries","displayName":"750g","availability":["IN_STORE","ONLINE"],"saleType":"UNITS","restrictedFlag":false,"liquorFlag":false,"tobaccoFlag":false,"originRegulated":false,"singlePrice":{"price":569,"comparativePrice":{"pricePerUnit":759,"unitQuantity":1,"unitQuantityUom":"kg","measureDescription":"1kg"}},"categoryTrees":[{"level0":"Frozen","level1":"Frozen Chips & Hash Browns","level2":"Frozen Chips & Wedges"}],"cateredFlag":false,"algoliaAnalytics":{"searchQueryID":"d815d48d48194a724f0d268c0b367abe","searchPosition":779},"boughtBefore":false},{"productId":"5003342-EA-000","brand":"Kurol's","name":"Original Mentholated Pastilles","displayName":"85g","availability":["IN_STORE","ONLINE"],"saleType":"UNITS","restrictedFlag":false,"liquorFlag":false,"tobaccoFlag":false,"originRegulated":false,"singlePrice":{"price":319,"comparativePrice":{"pricePerUnit":375,"unitQuantity":100,"unitQuantityUom":"g","measureDescription":"100g"}},"categoryTrees":[{"level0":"Health & Body","level1":"Medical & First Aid","level2":"Cough, Cold & Flu"}],"cateredFlag":false,"algoliaAnalytics":{"searchQueryID":"d815d48d48194a724f0d268c0b367abe","searchPosition":780},"boughtBefore":false},{"productId":"5007574-EA-000","brand":"Schweppes","name":"Sparkling Duet Lemonade Soft Drink","displayName":"1.5l","availability":["IN_STORE","ONLINE"],"saleType":"UNITS","restrictedFlag":false,"liquorFlag":false,"tobaccoFlag":false,"originRegulated":false,"singlePrice":{"price":159,"comparativePrice":{"pricePerUnit":106,"unitQuantity":1,"unitQuantityUom":"L","measureDescription":"1L"}},"facets":[{"itemCode":"00020012","itemDescription":"Non-GMO"}],"categoryTrees":[{"level0":"Hot & Cold Drinks","level1":"Soft Drinks & Mixers","level2":"Lemonade"}],"cateredFlag":false,"algoliaAnalytics":{"searchQueryID":"d815d48d48194a724f0d268c0b367abe","searchPosition":781},"boughtBefore":false},{"productId":"5006036-EA-000","brand":"Pams","name":"Pineapple Chunks In Juice","displayName":"425g","availability":["IN_STORE","ONLINE"],"saleType":"UNITS","restrictedFlag":false,"liquorFlag":false,"tobaccoFlag":false,"originRegulated":false,"singlePrice":{"price":169,"comparativePrice":{"pricePerUnit":398,"unitQuantity":1,"unitQuantityUom":"kg","measureDescription":"1kg"}},"facets":[{"itemCode":"00020007","itemDescription":"Dairy Free"},{"itemCode":"00020012","itemDescription":"Non-GMO"},{"itemCode":"00020009","itemDescription":"Low Fat"}],"categoryTrees":[{"level0":"Pantry","level1":"Canned Foods & Packets","level2":"Canned Fruit"},{"level0":"Featured","level1":"Pams","level2":"Canned & Prepared Foods"}],"cateredFlag":false,"algoliaAnalytics":{"searchQueryID":"d815d48d48194a724f0d268c0b367abe","searchPosition":782},"boughtBefore":false},{"productId":"5236128-EA-000","brand":"Pams Value","name":"Super Pads With Wings","displayName":"20pk","availability":["IN_STORE","ONLINE"],"saleType":"UNITS","restrictedFlag":false,"liquorFlag":false,"tobaccoFlag":false,"originRegulated":false,"singlePrice":{"price":299,"comparativePrice":{"pricePerUnit":15,"unitQuantity":1,"unitQuantityUom":"ea","measureDescription":"ea"}},"facets":[{"itemCode":"00020012","itemDescription":"Non-GMO"}],"categoryTrees":[{"level0":"Health & Body","level1":"Period & Continence Care","level2":"Pads"}],"cateredFlag":false,"algoliaAnalytics":{"searchQueryID":"d815d48d48194a724f0d268c0b367abe","searchPosition":783},"boughtBefore":false},{"productId":"5276031-EA-000","brand":"Meadow Mushrooms","name":"Small Portabello Mushrooms","displayName":"200g","availability":["IN_STORE","ONLINE"],"saleType":"UNITS","restrictedFlag":false,"liquorFlag":false,"tobaccoFlag":false,"originRegulated":true,"originStatement":"Product of New Zealand","singlePrice":{"price":549,"comparativePrice":{"pricePerUnit":2745,"unitQuantity":1,"unitQuantityUom":"kg","measureDescription":"1kg"}},"categoryTrees":[{"level0":"Fruit & Vegetables","level1":"Vegetables","level2":"Mushrooms"}],"cateredFlag":false,"algoliaAnalytics":{"searchQueryID":"d815d48d48194a724f0d268c0b367abe","searchPosition":784},"boughtBefore":false},{"productId":"5202437-EA-000","brand":"Avalanche","name":"Cafe Style Caramel Latte Coffee Sticks","displayName":"10 x 16g","availability":["IN_STORE","ONLINE"],"saleType":"UNITS","restrictedFlag":false,"liquorFlag":false,"tobaccoFlag":false,"originRegulated":false,"singlePrice":{"price":379,"promoId":"129996182","comparativePrice":{"pricePerUnit":38,"unitQuantity":1,"unitQuantityUom":"ea","measureDescription":"ea"}},"promotions":[{"promoId":"129996182","rewardValue":379,"decal":"6000","sapType":"BASE","rewardType":"NEW_PRICE","threshold":1,"limit":0,"multiProducts":false,"cardDependencyFlag":false,"bestPromotion":true,"comparativePrice":{"pricePerUnit":38,"unitQuantity":1,"unitQuantityUom":"ea","measureDescription":"ea"}}],"categoryTrees":[{"level0":"Hot & Cold Drinks","level1":"Coffee","level2":"Coffee Sachets"}],"cateredFlag":false,"algoliaAnalytics":{"searchQueryID":"d815d48d48194a724f0d268c0b367abe","searchPosition":785},"boughtBefore":false},{"productId":"5294820-EA-000","brand":"Pams","name":"The Artist Series 2Ply Facial Tissues","displayName":"90pk","availability":["IN_STORE","ONLINE"],"saleType":"UNITS","restrictedFlag":false,"liquorFlag":false,"tobaccoFlag":false,"originRegulated":false,"singlePrice":{"price":149,"comparativePrice":{"pricePerUnit":166,"unitQuantity":100,"unitQuantityUom":" ","measureDescription":"100"}},"facets":[{"itemCode":"00020012","itemDescription":"Non-GMO"},{"itemCode":"00020007","itemDescription":"Dairy Free"}],"categoryTrees":[{"level0":"Health & Body","level1":"Tissues & Cotton Wool","level2":"Tissues"},{"level0":"Household & Cleaning","level1":"Toilet Paper, Tissues & Paper Towels","level2":"Tissues"}],"cateredFlag":false,"algoliaAnalytics":{"searchQueryID":"d815d48d48194a724f0d268c0b367abe","searchPosition":786},"boughtBefore":false},{"productId":"5010417-EA-000","brand":"Fresh 'n Fruity","name":"Simply Apricot Yoghurt","displayName":"1kg","availability":["IN_STORE","ONLINE"],"saleType":"UNITS","restrictedFlag":false,"liquorFlag":false,"tobaccoFlag":false,"originRegulated":false,"singlePrice":{"price":529,"comparativePrice":{"pricePerUnit":53,"unitQuantity":100,"unitQuantityUom":"g","measureDescription":"100g"}},"facets":[{"itemCode":"00020009","itemDescription":"Low Fat"},{"itemCode":"00020012","itemDescription":"Non-GMO"}],"categoryTrees":[{"level0":"Fridge, Deli & Eggs","level1":"Yoghurt","level2":"Large Yoghurt Tubs"}],"cateredFlag":false,"algoliaAnalytics":{"searchQueryID":"d815d48d48194a724f0d268c0b367abe","searchPosition":787},"boughtBefore":false},{"productId":"5006349-EA-000","brand":"Maltesers","name":"Milk Chocolate Bag","displayName":"140g","availability":["IN_STORE","ONLINE"],"saleType":"UNITS","restrictedFlag":false,"liquorFlag":false,"tobaccoFlag":false,"originRegulated":false,"singlePrice":{"price":499,"promoId":"129983247","comparativePrice":{"pricePerUnit":356,"unitQuantity":100,"unitQuantityUom":"g","measureDescription":"100g"}},"promotions":[{"promoId":"129983247","rewardValue":499,"decal":"6000","sapType":"BASE","rewardType":"NEW_PRICE","threshold":1,"limit":0,"multiProducts":false,"cardDependencyFlag":false,"bestPromotion":true,"comparativePrice":{"pricePerUnit":356,"unitQuantity":100,"unitQuantityUom":"g","measureDescription":"100g"}}],"categoryTrees":[{"level0":"Snacks, Treats & Easy Meals","level1":"Chocolate, Sweets & Chewing Gum","level2":"Chocolate Bags & Sharepacks"},{"level0":"Pantry","level1":"Chocolate, Sweets & Chewing Gum","level2":"Chocolate Bags & Sharepacks"}],"cateredFlag":false,"algoliaAnalytics":{"searchQueryID":"d815d48d48194a724f0d268c0b367abe","searchPosition":788},"boughtBefore":false},{"productId":"5221693-EA-000","brand":"Pams","name":"Crispy Coated Chicken Bites","displayName":"1kg","availability":["IN_STORE","ONLINE"],"saleType":"UNITS","restrictedFlag":false,"liquorFlag":false,"tobaccoFlag":false,"originRegulated":false,"singlePrice":{"price":1099,"comparativePrice":{"pricePerUnit":1099,"unitQuantity":1,"unitQuantityUom":"kg","measureDescription":"1kg"}},"facets":[{"itemCode":"00020012","itemDescription":"Non-GMO"},{"itemCode":"00020002","itemDescription":"Halal"},{"itemCode":"00020006","itemDescription":"Cage Free"}],"categoryTrees":[{"level0":"Frozen","level1":"Frozen Chicken & Meat","level2":"Frozen Coated Chicken & Nuggets"}],"cateredFlag":false,"algoliaAnalytics":{"searchQueryID":"d815d48d48194a724f0d268c0b367abe","searchPosition":789},"boughtBefore":false},{"productId":"5232003-EA-000","brand":"Bounty","name":"Milk Chocolate Bar","displayName":"56g","availability":["IN_STORE","ONLINE"],"saleType":"UNITS","restrictedFlag":false,"liquorFlag":false,"tobaccoFlag":false,"originRegulated":false,"singlePrice":{"price":99,"comparativePrice":{"pricePerUnit":177,"unitQuantity":100,"unitQuantityUom":"g","measureDescription":"100g"}},"facets":[{"itemCode":"00020014","itemDescription":"Vegetarian"}],"categoryTrees":[{"level0":"Snacks, Treats & Easy Meals","level1":"Chocolate, Sweets & Chewing Gum","level2":"Single Chocolate Bars & Sweets"},{"level0":"Pantry","level1":"Chocolate, Sweets & Chewing Gum","level2":"Single Chocolate Bars & Sweets"}],"cateredFlag":false,"algoliaAnalytics":{"searchQueryID":"d815d48d48194a724f0d268c0b367abe","searchPosition":790},"boughtBefore":false},{"productId":"5007550-EA-000","brand":"Country Soft","name":"Lite Dairy Blend Spread","displayName":"500g","availability":["IN_STORE","ONLINE"],"saleType":"UNITS","restrictedFlag":false,"liquorFlag":false,"tobaccoFlag":false,"originRegulated":false,"singlePrice":{"price":399,"comparativePrice":{"pricePerUnit":80,"unitQuantity":100,"unitQuantityUom":"g","measureDescription":"100g"}},"facets":[{"itemCode":"00020012","itemDescription":"Non-GMO"}],"categoryTrees":[{"level0":"Fridge, Deli & Eggs","level1":"Butter & Margarine","level2":"Margarine & Spreads"}],"cateredFlag":false,"algoliaAnalytics":{"searchQueryID":"d815d48d48194a724f0d268c0b367abe","searchPosition":791},"boughtBefore":false},{"productId":"5034273-EA-000","brand":"Nutella","name":"& Go Hazelnut Spread","displayName":"48g","availability":["IN_STORE","ONLINE"],"saleType":"UNITS","restrictedFlag":false,"liquorFlag":false,"tobaccoFlag":false,"originRegulated":false,"singlePrice":{"price":189,"promoId":"129966458","comparativePrice":{"pricePerUnit":394,"unitQuantity":100,"unitQuantityUom":"g","measureDescription":"100g"}},"promotions":[{"promoId":"129966458","rewardValue":189,"decal":"6000","sapType":"BASE","rewardType":"NEW_PRICE","threshold":1,"limit":0,"multiProducts":false,"cardDependencyFlag":false,"bestPromotion":true,"comparativePrice":{"pricePerUnit":394,"unitQuantity":100,"unitQuantityUom":"g","measureDescription":"100g"}}],"categoryTrees":[{"level0":"Pantry","level1":"Jams, Honey & Spreads","level2":"Chocolate & Sweet Spreads"}],"cateredFlag":false,"algoliaAnalytics":{"searchQueryID":"d815d48d48194a724f0d268c0b367abe","searchPosition":792},"boughtBefore":false},{"productId":"5016684-EA-000","brand":"Farrah's","name":"Wraps Garden Spinach","displayName":"6pk","availability":["IN_STORE","ONLINE"],"saleType":"UNITS","restrictedFlag":false,"liquorFlag":false,"tobaccoFlag":false,"originRegulated":false,"singlePrice":{"price":529,"promoId":"129967043","comparativePrice":{"pricePerUnit":88,"unitQuantity":1,"unitQuantityUom":"ea","measureDescription":"ea"}},"promotions":[{"promoId":"129967043","rewardValue":529,"decal":"6000","sapType":"BASE","rewardType":"NEW_PRICE","threshold":1,"limit":0,"multiProducts":false,"cardDependencyFlag":false,"bestPromotion":true,"comparativePrice":{"pricePerUnit":88,"unitQuantity":1,"unitQuantityUom":"ea","measureDescription":"ea"}}],"facets":[{"itemCode":"00020007","itemDescription":"Dairy Free"},{"itemCode":"00020013","itemDescription":"Vegan"},{"itemCode":"00020014","itemDescription":"Vegetarian"}],"categoryTrees":[{"level0":"Bakery","level1":"Wraps, Pita & Flat Bread","level2":"Wraps & Tortillas"},{"level0":"Featured","level1":"Back to School","level2":"Back to School Lunches","webContent":{"badgeSmallUrl":"","badgeMediumUrl":"","badgeLargeUrl":"","title":"","subTitle":"","campaignUrl":""},"appContent":{"badgeSmallUrl":"","badgeMediumUrl":"","badgeLargeUrl":"","title":"","subTitle":"","campaignUrl":""}}],"cateredFlag":false,"algoliaAnalytics":{"searchQueryID":"d815d48d48194a724f0d268c0b367abe","searchPosition":793},"boughtBefore":false},{"productId":"5005021-EA-000","brand":"Pams","name":"Smoked Flavoured Tuna","displayName":"185g","availability":["IN_STORE","ONLINE"],"saleType":"UNITS","restrictedFlag":false,"liquorFlag":false,"tobaccoFlag":false,"originRegulated":false,"singlePrice":{"price":239,"comparativePrice":{"pricePerUnit":1292,"unitQuantity":1,"unitQuantityUom":"kg","measureDescription":"1kg"}},"facets":[{"itemCode":"00020004","itemDescription":"Gluten Free"},{"itemCode":"00020012","itemDescription":"Non-GMO"}],"categoryTrees":[{"level0":"Pantry","level1":"Canned Foods & Packets","level2":"Canned Tuna"},{"level0":"Featured","level1":"Pams","level2":"Canned & Prepared Foods"}],"cateredFlag":false,"algoliaAnalytics":{"searchQueryID":"d815d48d48194a724f0d268c0b367abe","searchPosition":794},"boughtBefore":false},{"productId":"5016621-EA-000","brand":"Bluebird","name":"Poppa Jacks Original Flavoured Wheat Snacks","displayName":"100g","availability":["IN_STORE","ONLINE"],"saleType":"UNITS","restrictedFlag":false,"liquorFlag":false,"tobaccoFlag":false,"originRegulated":false,"singlePrice":{"price":299,"promoId":"129969162","comparativePrice":{"pricePerUnit":299,"unitQuantity":100,"unitQuantityUom":"g","measureDescription":"100g"}},"promotions":[{"promoId":"129969162","rewardValue":299,"decal":"6000","sapType":"BASE","rewardType":"NEW_PRICE","threshold":1,"limit":0,"multiProducts":false,"cardDependencyFlag":false,"bestPromotion":true,"comparativePrice":{"pricePerUnit":299,"unitQuantity":100,"unitQuantityUom":"g","measureDescription":"100g"}}],"facets":[{"itemCode":"00020012","itemDescription":"Non-GMO"}],"categoryTrees":[{"level0":"Snacks, Treats & Easy Meals","level1":"Chips, Nuts & Snacks","level2":"Chips"},{"level0":"Pantry","level1":"Chips, Nuts & Snacks","level2":"Chips"}],"cateredFlag":false,"algoliaAnalytics":{"searchQueryID":"d815d48d48194a724f0d268c0b367abe","searchPosition":795},"boughtBefore":false},{"productId":"5020101-EA-000","brand":"Tip Top","name":"Supersoft Sesame King Hamburger Buns","displayName":"8pk","availability":["IN_STORE","ONLINE"],"saleType":"UNITS","restrictedFlag":false,"liquorFlag":false,"tobaccoFlag":false,"originRegulated":false,"singlePrice":{"price":519,"comparativePrice":{"pricePerUnit":72,"unitQuantity":100,"unitQuantityUom":"g","measureDescription":"100g"}},"categoryTrees":[{"level0":"Bakery","level1":"Burger Buns, Rolls & Garlic Bread","level2":"Burger Buns & Bread Rolls"}],"cateredFlag":false,"algoliaAnalytics":{"searchQueryID":"d815d48d48194a724f0d268c0b367abe","searchPosition":796},"boughtBefore":false},{"productId":"5030869-EA-000","brand":"Sanitarium So Good","name":"Original Almond Milk","displayName":"1l","availability":["IN_STORE","ONLINE"],"saleType":"UNITS","restrictedFlag":false,"liquorFlag":false,"tobaccoFlag":false,"originRegulated":false,"singlePrice":{"price":399,"comparativePrice":{"pricePerUnit":399,"unitQuantity":1,"unitQuantityUom":"L","measureDescription":"1L"}},"facets":[{"itemCode":"00020004","itemDescription":"Gluten Free"},{"itemCode":"00020007","itemDescription":"Dairy Free"},{"itemCode":"00020012","itemDescription":"Non-GMO"},{"itemCode":"00020009","itemDescription":"Low Fat"}],"categoryTrees":[{"level0":"Pantry","level1":"Long Life & Dairy Free Milk","level2":"Nut Milk"}],"cateredFlag":false,"algoliaAnalytics":{"searchQueryID":"d815d48d48194a724f0d268c0b367abe","searchPosition":797},"boughtBefore":false},{"productId":"5020650-EA-000","brand":"Keri","name":"Pulpy Tropical Fruit Drink","displayName":"1l","availability":["IN_STORE","ONLINE"],"saleType":"UNITS","restrictedFlag":false,"liquorFlag":false,"tobaccoFlag":false,"originRegulated":false,"singlePrice":{"price":249,"comparativePrice":{"pricePerUnit":249,"unitQuantity":1,"unitQuantityUom":"L","measureDescription":"1L"}},"categoryTrees":[{"level0":"Hot & Cold Drinks","level1":"Juice & Smoothies","level2":"Fruit Juice"}],"cateredFlag":false,"algoliaAnalytics":{"searchQueryID":"d815d48d48194a724f0d268c0b367abe","searchPosition":798},"boughtBefore":false},{"productId":"5245415-EA-000","brand":"Tip Top","name":"Supersoft Hot Dog Rolls","displayName":"6pk","availability":["IN_STORE","ONLINE"],"saleType":"UNITS","restrictedFlag":false,"liquorFlag":false,"tobaccoFlag":false,"originRegulated":false,"singlePrice":{"price":399,"promoId":"129969018","comparativePrice":{"pricePerUnit":89,"unitQuantity":100,"unitQuantityUom":"g","measureDescription":"100g"}},"promotions":[{"promoId":"129969018","rewardValue":399,"decal":"6000","sapType":"BASE","rewardType":"NEW_PRICE","threshold":1,"limit":0,"multiProducts":false,"cardDependencyFlag":false,"bestPromotion":true,"comparativePrice":{"pricePerUnit":89,"unitQuantity":100,"unitQuantityUom":"g","measureDescription":"100g"}}],"categoryTrees":[{"level0":"Bakery","level1":"Burger Buns, Rolls & Garlic Bread","level2":"Burger Buns & Bread Rolls"}],"cateredFlag":false,"algoliaAnalytics":{"searchQueryID":"d815d48d48194a724f0d268c0b367abe","searchPosition":799},"boughtBefore":false},{"productId":"5010438-EA-000","brand":"Griffin's","name":"Classic Cameo Cremes","displayName":"250g","availability":["IN_STORE","ONLINE"],"saleType":"UNITS","restrictedFlag":false,"liquorFlag":false,"tobaccoFlag":false,"originRegulated":false,"singlePrice":{"price":339,"comparativePrice":{"pricePerUnit":136,"unitQuantity":100,"unitQuantityUom":"g","measureDescription":"100g"}},"facets":[{"itemCode":"00020012","itemDescription":"Non-GMO"}],"categoryTrees":[{"level0":"Pantry","level1":"Biscuits & Crackers","level2":"Crme, Jam & Iced Biscuits"}],"cateredFlag":false,"algoliaAnalytics":{"searchQueryID":"d815d48d48194a724f0d268c0b367abe","searchPosition":800},"boughtBefore":false}],"algoliaSearchResult":{"facets":{"brand":{"Pams":809,"Wattie's":155,"Mrs Rogers":111,"Colgate":90,"Anchor":81,"Korbond":81,"Healtheries":80,"Tip Top":72,"Hellers":64,"VitaPet":63,"Gregg's":60,"Value":60,"Ceres Organics":56,"Continental":52,"Dettol":52,"Tasti":52,"Mainland":51,"Griffin's":50,"Maggi":50,"Pams Value":50,"Nivea":49,"Red Seal":49,"Dove":48,"Barker's":47,"Meadow Fresh":47,"Musashi":46,"Huggies":44,"Nestle":43,"Nescafe":41,"Palmolive":40,"McCain":39,"Bic":38,"Masterfoods":37,"Mother Earth":36,"Cadbury":35,"Delmaine":34,"Kellogg's":34,"Heinz":33,"Sealord":33,"Graze":31,"Lewis Road Creamery":31,"Sistema":31,"Whittaker's":31,"Chux":30,"Edmonds":30,"Jed's Coffee Co.":30,"The Collective":30,"Pams Finest":29,"Avalanche":28,"Bundaberg":28,"Energizer":28,"Whiskas":28,"Big Black Sacks":27,"Bluebird":27,"Glow Lab":27,"Kapiti":27,"Palmolive Naturals":27,"Arnott's":26,"Diamond":26,"Fresh To Go":26,"Hubbards":26,"Lindt":26,"Schweppes":26,"Farrah's":25,"Moccona":25,"Old El Paso":25,"Persil":25,"Philips":25,"Best":24,"Chef":24,"Fresh 'n Fruity":24,"Schick":24,"Tegel":24,"Eta":23,"Purina Fancy Feast":23,"Surv":23,"Dairyworks":22,"Dine":22,"Ecostore":22,"Harpic":22,"North Head":22,"San Remo":22,"Head & Shoulders":21,"John West":21,"Lee Kum Kee":21,"Rascals":21,"V":21,"Verkerks":21,"Chelsea":20,"Jacob's Creek":20,"Leggo's":20,"Only Organic":20,"Sanitarium Up & Go":20,"U By Kotex":20,"Campbell's":19,"Eveready":19,"Magnum":19,"Nivea Men":19,"Poise":19,"Schwarzkopf Extra Care":19},"tobacco":{"false":9994},"category1NI":{"Chips, Nuts & Snacks":445,"Canned Foods & Packets":347,"Pams":344,"Biscuits & Crackers":304,"Back to School":290,"Chocolate, Sweets & Chewing Gum":288,"Cooking Sauces, Stocks & Marinades":274,"Hair Care":265,"Stationery & Entertainment":257,"Cheese":238,"Lunchbox Snacks":235,"Spices, Seasoning & Coatings":234,"Baking Supplies & Sugar":231,"Coffee":226,"Table Sauces, Dressings & Condiments":225,"Pasta, Rice & Noodles":224,"Cat":213,"Ice Cream & Sorbet":204,"Yoghurt":202,"Cleaning & Accessories":199,"Easy Meals & Meal Kits":176,"Deli Meats & Smoked Fish":169,"Homewares":165,"Food Wrap, Storage & Bags":163,"Dental & Oral Care":159,"Bath, Shower & Soap":157,"Red Wine":156,"Dog":151,"Soft Drinks & Mixers":148,"Breakfast Cereals":146,"Skin Care & Sun Care":143,"Deli Meats":137,"Laundry":134,"White Wine":130,"Medical & First Aid":125,"$5 Week 1":117,"Juice & Smoothies":111,"Period & Continence Care":111,"World Foods":111,"Vegetables":107,"Dips, Hummus & Antipasti":103,"Vitamins & Supplements":101,"Milk":98,"Deodorant & Body Sprays":97,"Ready to Eat":95,"Batteries & Electrical":93,"Jams, Honey & Spreads":93,"Beer":92,"Tea":91,"Sports & Energy Drinks":90,"Bulk Foods":86,"Desserts":86,"Nappies & Changing":83,"Chilled Soups & Ready Meals":80,"Frozen Chicken & Meat":76,"Garage & Outdoor":76,"Baby & Toddler Food":74,"Sliced & Packaged Bread":72,"Kitchen Cleaners":71,"Cakes, Muffins & Desserts":67,"Hot Chocolate & Milk Drinks":67,"Shaving & Hair Removal":65,"Frozen Fish & Seafood":64,"Bathroom & Toilet Cleaners":61,"Fresh Salad & Herbs":61,"Sports Nutrition & Weight Management":60,"Frozen Vegetables":57,"In-Store Bakery":57,"Oil & Vinegar":56,"Frozen Dumplings, Pies & Snacks":53,"Dishwashing":52,"Frozen Pizza & Ready Meals":52,"Wraps, Pita & Flat Bread":50,"Butter & Margarine":48,"Frozen Fruit & Desserts":46,"Pest & Insect Control":46,"Syrups, Cordials & Powdered Drinks":46,"Long Life & Dairy Free Milk":45,"Chilled Pasta, Pizza & Garlic Bread":43,"Baby & Toddler Toiletries":41,"Toilet Paper, Tissues & Paper Towels":40,"Mince, Sausages & Meatballs":39,"Rose Wine":39,"Seafood":39,"Champagne & Sparkling Wine":38,"Baby Formula":37,"Frozen Chips & Hash Browns":36,"Fruit":36,"Bagels, Crumpets & Pancakes":35,"Cream, Custard & Desserts":34,"Craft Beer":31,"Water":31,"Chicken & Poultry":30,"Kombucha & Functional Drinks":29,"Clothing & Accessories":28,"Nursing & Feeding":28,"Alcohol Free Drinks":27,"Burger Buns, Rolls & Garlic Bread":26,"Cider":24,"Frozen Pastry & Bread":23},"onPromotion":{"61dd754e-8525-4b9e-9e08-173389eea8a8":2714,"c3f9e1a3-fc34-452d-af2e-95349e666ba4":2702,"715f0e22-95e0-45ce-af3a-07057209976e":2698,"4a279605-eaa8-470d-bcd4-0a9e3c9ab43b":2685,"5cf0392f-c187-4fc4-a463-eb269d2e8f45":2660,"90082979-fb9f-4305-9c72-83274fc438cc":2656,"b29a98bd-749c-489c-9eef-6aa38e66a29b":2631,"2ed73be8-936d-4f35-9398-75a707f40a7b":2560,"dbca5e00-f7f9-43ae-91de-031ad16f8a92":2548,"be4c4780-218e-425a-a90f-63e21773572b":2538,"8cd700ae-d96f-4761-bd7a-805d6b93536d":2460,"d8032da3-c1b9-456e-b626-41ce21f8c67b":2401,"3c5e3145-0767-4066-9349-6c0a1313acc5":2383,"bdc5ef4a-c6a7-4f8a-b8cb-28109e6d61c3":2266,"2a1b331a-fc4a-496a-b072-e97cc8f70cae":2066,"d6d39eea-889d-4e20-923c-55cab225cf7f":2060,"c2204dae-579e-4b6b-9d42-2e13ceaa6031":2057,"65defcf2-bc15-490e-a84f-1f13b769cd22":2047,"8f0d70be-5cb7-464b-99cb-8b0130671895":2024,"b92cc33f-b5a8-4b57-9b82-412946800020":1977,"3404c253-577f-45ca-b301-c98312e46efb":1965,"c0f80e87-16be-4488-9553-da437e8c6c2a":1954,"6e6809dd-01bc-45c9-aab1-f01ccd8338b0":1952,"3bfe040b-f0c9-45e0-949b-b9ad5a591d55":1940,"92086ded-a55d-4241-a364-7d7ea91531b4":1937,"48dd98cc-a757-4102-b15d-ea82b4b10571":1931,"49037947-e450-49bf-ba1f-a94551c79a72":1915,"21ecaaed-0749-4492-985e-4bb7ba43d59c":1903,"3bb30799-82ce-4648-8c02-5113228963ed":1895,"01a114de-149c-4f5f-80a1-90cc63f69c6e":1886,"c180a72d-5dbe-4403-b7c7-91655e505492":1877,"714431ab-6e39-4df6-ac77-cfc5c1e25bc8":1864,"e1925ea7-01bc-4358-ae7c-c6502da5ab12":1860,"64eab5b1-8d79-45f4-94f1-02b8cf8b6202":1857,"1c388d5e-29ac-4956-b476-cb3431353d2e":1852,"5f167936-79ae-4f6a-b9d2-74afe1bb096b":1845,"d1cd1fdd-8767-46a6-a8d3-c3e0632c2dc8":1845,"b2e98a14-c8ca-401e-99ed-edf74570c6f6":1838,"af385423-d0f1-41f0-9482-ffd10b745143":1829,"6cda96e1-7d29-44a6-956b-3fcfdecc8184":1820,"529d66cc-60e3-432e-b8d1-efc9f2ec4919":1815,"4fcc1c8e-cc5e-4675-ba25-5e56b579cf69":1800,"7d48a781-4f68-4c91-a908-8659e1b22f95":1773,"53989945-1a28-481d-a61c-d6f75f760ada":1767,"60561e46-ece7-43a7-b142-9b14812586e4":1765,"9cd8eb60-3222-4efc-bd7c-50e03e6a81a4":1761,"33d8d6fc-861a-45ff-9937-5ccdb55eaede":1756,"15e6f441-5c1c-4d25-b4ec-1adf918c49c7":1746,"98ec3885-ac93-4fcb-807b-59c9055c52c4":1730,"94ef1985-cab1-4b39-a2f3-230120f03c16":1727,"a7d09522-bee2-41e4-8fe0-0b82b7f342f5":1712,"6c73764e-b8e6-4e55-ad37-f6a9d207da1f":1700,"b83029b6-5dd5-449e-8056-26f3943a4e18":1699,"50b1216b-d066-4457-b88b-9bccf97bf6d3":1684,"3e82142c-78dc-46f3-82ec-28e65fcf84c9":1614,"b39562a4-2b72-43fe-b9ba-eda1d651ad0b":1577,"076e8177-943b-41fc-a885-ba3d28297acf":1534},"productFacets":{"Non-GMO":4194,"Gluten Free":1186,"Dairy Free":518,"Vegetarian":461,"Low Fat":431,"Vegan":397,"Low Sugar":355,"Organic":260,"Halal":229,"Free Range":100,"Cage Free":47,"Keto":27,"Low Salt":24,"Healthy Heart Tick":1}}},"algoliaFacetQueriesResults":[],"totalHits":1000,"page":15,"totalPages":20,"hitsPerPage":50},
{"tobaccoProducts":false,"products":[{"productId":"5040454-EA-000","brand":"Pams","name":"Baking Paper 300mm Wide","displayName":"5m","availability":["IN_STORE","ONLINE"],"saleType":"UNITS","restrictedFlag":false,"liquorFlag":false,"tobaccoFlag":false,"originRegulated":false,"singlePrice":{"price":189,"comparativePrice":{"pricePerUnit":38,"unitQuantity":1,"unitQuantityUom":"m","measureDescription":"1m"}},"facets":[{"itemCode":"00020012","itemDescription":"Non-GMO"}],"categoryTrees":[{"level0":"Household & Cleaning","level1":"Food Wrap, Storage & Bags","level2":"Cling Wrap, Baking Paper & Foil"},{"level0":"Featured","level1":"Pams","level2":"Household"}],"cateredFlag":false,"algoliaAnalytics":{"searchQueryID":"9ee9160cb9ac177f365a1e3ce92da2b7","searchPosition":701},"boughtBefore":false},{"productId":"5012864-EA-000","brand":"San Remo","name":"La Pasta Macaroni Cheese Pasta & Sauce Single Snack","displayName":"80g","availability":["IN_STORE","ONLINE"],"saleType":"UNITS","restrictedFlag":false,"liquorFlag":false,"tobaccoFlag":false,"originRegulated":false,"singlePrice":{"price":79,"comparativePrice":{"pricePerUnit":99,"unitQuantity":100,"unitQuantityUom":"g","measureDescription":"100g"}},"facets":[{"itemCode":"00020012","itemDescription":"Non-GMO"}],"categoryTrees":[{"level0":"Pantry","level1":"Pasta, Rice & Noodles","level2":"Pasta & Rice Meals"}],"cateredFlag":false,"algoliaAnalytics":{"searchQueryID":"9ee9160cb9ac177f365a1e3ce92da2b7","searchPosition":702},"boughtBefore":false},{"productId":"5200242-EA-000","brand":"Nuttelex","name":"Buttery Spread","displayName":"375g","availability":["IN_STORE","ONLINE"],"saleType":"UNITS","restrictedFlag":false,"liquorFlag":false,"tobaccoFlag":false,"originRegulated":false,"singlePrice":{"price":419,"comparativePrice":{"pricePerUnit":112,"unitQuantity":100,"unitQuantityUom":"g","measureDescription":"100g"}},"facets":[{"itemCode":"00020002","itemDescription":"Halal"},{"itemCode":"00020007","itemDescription":"Dairy Free"},{"itemCode":"00020009","itemDescription":"Low Fat"},{"itemCode":"00020013","itemDescription":"Vegan"},{"itemCode":"00020010","itemDescription":"Low Salt"},{"itemCode":"00020004","itemDescription":"Gluten Free"}],"categoryTrees":[{"level0":"Fridge, Deli & Eggs","level1":"Butter & Margarine","level2":"Dairy Free Spreads"}],"cateredFlag":false,"algoliaAnalytics":{"searchQueryID":"9ee9160cb9ac177f365a1e3ce92da2b7","searchPosition":703},"boughtBefore":false},{"productId":"5026819-EA-000","brand":"Pams","name":"Whole Chicken Large","displayName":"1.9kg","availability":["IN_STORE","ONLINE"],"saleType":"UNITS","restrictedFlag":false,"liquorFlag":false,"tobaccoFlag":false,"originRegulated":true,"originStatement":"Product of New Zealand","singlePrice":{"price":1599,"comparativePrice":{"pricePerUnit":842,"unitQuantity":1,"unitQuantityUom":"kg","measureDescription":"1kg"}},"facets":[{"itemCode":"00020012","itemDescription":"Non-GMO"},{"itemCode":"00020007","itemDescription":"Dairy Free"},{"itemCode":"00020002","itemDescription":"Halal"},{"itemCode":"00020011","itemDescription":"Low Sugar"}],"categoryTrees":[{"level0":"Meat, Poultry & Seafood","level1":"Chicken & Poultry","level2":"Whole Chicken"}],"cateredFlag":false,"algoliaAnalytics":{"searchQueryID":"9ee9160cb9ac177f365a1e3ce92da2b7","searchPosition":704},"boughtBefore":false},{"productId":"5017483-EA-000","brand":"Mother Earth","name":"Afghan Baked Oaty Slices","displayName":"240g","availability":["IN_STORE","ONLINE"],"saleType":"UNITS","restrictedFlag":false,"liquorFlag":false,"tobaccoFlag":false,"originRegulated":false,"singlePrice":{"price":379,"comparativePrice":{"pricePerUnit":158,"unitQuantity":100,"unitQuantityUom":"g","measureDescription":"100g"}},"facets":[{"itemCode":"00020014","itemDescription":"Vegetarian"},{"itemCode":"00020012","itemDescription":"Non-GMO"}],"categoryTrees":[{"level0":"Snacks, Treats & Easy Meals","level1":"Chips, Nuts & Snacks","level2":"Muesli & Snack Bars"},{"level0":"Pantry","level1":"Chips, Nuts & Snacks","level2":"Muesli & Snack Bars"},{"level0":"Snacks, Treats & Easy Meals","level1":"Lunchbox Snacks","level2":"Muesli & Snack Bars"}],"cateredFlag":false,"algoliaAnalytics":{"searchQueryID":"9ee9160cb9ac177f365a1e3ce92da2b7","searchPosition":705},"boughtBefore":false},{"productId":"5003409-EA-000","brand":"Nestle","name":"Milk Chocolate Scorched Almonds Box","displayName":"240g","availability":["IN_STORE","ONLINE"],"saleType":"UNITS","restrictedFlag":false,"liquorFlag":false,"tobaccoFlag":false,"originRegulated":false,"singlePrice":{"price":959,"comparativePrice":{"pricePerUnit":400,"unitQuantity":100,"unitQuantityUom":"g","measureDescription":"100g"}},"facets":[{"itemCode":"00020014","itemDescription":"Vegetarian"}],"categoryTrees":[{"level0":"Snacks, Treats & Easy Meals","level1":"Chocolate, Sweets & Chewing Gum","level2":"Chocolate Boxes & Gifts"},{"level0":"Pantry","level1":"Chocolate, Sweets & Chewing Gum","level2":"Chocolate Boxes & Gifts"}],"cateredFlag":false,"algoliaAnalytics":{"searchQueryID":"9ee9160cb9ac177f365a1e3ce92da2b7","searchPosition":706},"boughtBefore":false},{"productId":"5027208-EA-000","brand":"Anchor","name":"Protein+ Lite Milk","displayName":"2l","availability":["IN_STORE","ONLINE"],"saleType":"UNITS","restrictedFlag":false,"liquorFlag":false,"tobaccoFlag":false,"originRegulated":false,"singlePrice":{"price":662,"comparativePrice":{"pricePerUnit":331,"unitQuantity":1,"unitQuantityUom":"L","measureDescription":"1L"}},"facets":[{"itemCode":"00020009","itemDescription":"Low Fat"},{"itemCode":"00020012","itemDescription":"Non-GMO"}],"categoryTrees":[{"level0":"Fridge, Deli & Eggs","level1":"Milk","level2":"Fresh Milk"}],"cateredFlag":false,"algoliaAnalytics":{"searchQueryID":"9ee9160cb9ac177f365a1e3ce92da2b7","searchPosition":707},"boughtBefore":false},{"productId":"5262675-EA-000","brand":"McCain","name":"Superfries Crinkle Cut Chips","displayName":"900g","availability":["IN_STORE","ONLINE"],"saleType":"UNITS","restrictedFlag":false,"liquorFlag":false,"tobaccoFlag":false,"originRegulated":false,"singlePrice":{"price":379,"promoId":"129965865","comparativePrice":{"pricePerUnit":421,"unitQuantity":1,"unitQuantityUom":"kg","measureDescription":"1kg"}},"promotions":[{"promoId":"129965865","rewardValue":379,"decal":"6000","sapType":"BASE","rewardType":"NEW_PRICE","threshold":1,"limit":0,"multiProducts":false,"cardDependencyFlag":false,"bestPromotion":true,"comparativePrice":{"pricePerUnit":421,"unitQuantity":1,"unitQuantityUom":"kg","measureDescription":"1kg"}}],"facets":[{"itemCode":"00020002","itemDescription":"Halal"}],"categoryTrees":[{"level0":"Frozen","level1":"Frozen Chips & Hash Browns","level2":"Frozen Chips & Wedges"}],"cateredFlag":false,"algoliaAnalytics":{"searchQueryID":"9ee9160cb9ac177f365a1e3ce92da2b7","searchPosition":708},"boughtBefore":false},{"productId":"5269093-EA-000","brand":"Cheetos","name":"Crunchy Cheese Corn Snacks Party Bag","displayName":"210g","availability":["IN_STORE","ONLINE"],"saleType":"UNITS","restrictedFlag":false,"liquorFlag":false,"tobaccoFlag":false,"originRegulated":false,"singlePrice":{"price":449,"comparativePrice":{"pricePerUnit":214,"unitQuantity":100,"unitQuantityUom":"g","measureDescription":"100g"}},"facets":[{"itemCode":"00020012","itemDescription":"Non-GMO"}],"categoryTrees":[{"level0":"Snacks, Treats & Easy Meals","level1":"Chips, Nuts & Snacks","level2":"Chips"},{"level0":"Pantry","level1":"Chips, Nuts & Snacks","level2":"Chips"}],"cateredFlag":false,"algoliaAnalytics":{"searchQueryID":"9ee9160cb9ac177f365a1e3ce92da2b7","searchPosition":709},"boughtBefore":false},{"productId":"5009657-EA-000","brand":"Whittaker's","name":"Fruit And Nut 33% Cocoa Milk Chocolate Block","displayName":"250g","availability":["IN_STORE","ONLINE"],"saleType":"UNITS","restrictedFlag":false,"liquorFlag":false,"tobaccoFlag":false,"originRegulated":false,"singlePrice":{"price":659,"promoId":"130003244","comparativePrice":{"pricePerUnit":264,"unitQuantity":100,"unitQuantityUom":"g","measureDescription":"100g"}},"promotions":[{"promoId":"130003244","rewardValue":659,"decal":"6000","sapType":"BASE","rewardType":"NEW_PRICE","threshold":1,"limit":0,"multiProducts":false,"cardDependencyFlag":false,"bestPromotion":true,"comparativePrice":{"pricePerUnit":264,"unitQuantity":100,"unitQuantityUom":"g","measureDescription":"100g"}}],"facets":[{"itemCode":"00020012","itemDescription":"Non-GMO"}],"categoryTrees":[{"level0":"Snacks, Treats & Easy Meals","level1":"Chocolate, Sweets & Chewing Gum","level2":"Chocolate Blocks"},{"level0":"Pantry","level1":"Chocolate, Sweets & Chewing Gum","level2":"Chocolate Blocks"}],"cateredFlag":false,"algoliaAnalytics":{"searchQueryID":"9ee9160cb9ac177f365a1e3ce92da2b7","searchPosition":710},"boughtBefore":false},{"productId":"5036348-EA-000","brand":"The Natural Confectionery Co.","name":"Fruit Salad","displayName":"220g","availability":["IN_STORE","ONLINE"],"saleType":"UNITS","restrictedFlag":false,"liquorFlag":false,"tobaccoFlag":false,"originRegulated":false,"singlePrice":{"price":379,"comparativePrice":{"pricePerUnit":172,"unitQuantity":100,"unitQuantityUom":"g","measureDescription":"100g"}},"facets":[{"itemCode":"00020012","itemDescription":"Non-GMO"}],"categoryTrees":[{"level0":"Snacks, Treats & Easy Meals","level1":"Chocolate, Sweets & Chewing Gum","level2":"Lollies, Sweets & Licorice"},{"level0":"Pantry","level1":"Chocolate, Sweets & Chewing Gum","level2":"Lollies, Sweets & Licorice"}],"cateredFlag":false,"algoliaAnalytics":{"searchQueryID":"9ee9160cb9ac177f365a1e3ce92da2b7","searchPosition":711},"boughtBefore":false},{"productId":"5003310-EA-000","brand":"Griffin's","name":"Vanilla Wine Biscuits","displayName":"250g","availability":["IN_STORE","ONLINE"],"saleType":"UNITS","restrictedFlag":false,"liquorFlag":false,"tobaccoFlag":false,"originRegulated":false,"singlePrice":{"price":299,"promoId":"130008225","comparativePrice":{"pricePerUnit":120,"unitQuantity":100,"unitQuantityUom":"g","measureDescription":"100g"}},"promotions":[{"promoId":"130008224","rewardValue":550,"decal":"6000","sapType":"LAYERED","rewardType":"NEW_PRICE","threshold":2,"multiProducts":true,"cardDependencyFlag":false,"bestPromotion":true,"comparativePrice":{"pricePerUnit":110,"unitQuantity":100,"unitQuantityUom":"g","measureDescription":"100g"}}],"facets":[{"itemCode":"00020012","itemDescription":"Non-GMO"}],"categoryTrees":[{"level0":"Pantry","level1":"Biscuits & Crackers","level2":"Plain Biscuits"}],"cateredFlag":false,"algoliaAnalytics":{"searchQueryID":"9ee9160cb9ac177f365a1e3ce92da2b7","searchPosition":712},"boughtBefore":false},{"productId":"5026055-EA-000","brand":"Hellers","name":"Chinese Honey Sausages","displayName":"1kg","availability":["IN_STORE","ONLINE"],"saleType":"UNITS","restrictedFlag":false,"liquorFlag":false,"tobaccoFlag":false,"originRegulated":false,"singlePrice":{"price":1149,"comparativePrice":{"pricePerUnit":1149,"unitQuantity":1,"unitQuantityUom":"kg","measureDescription":"1kg"}},"facets":[{"itemCode":"00020004","itemDescription":"Gluten Free"},{"itemCode":"00020012","itemDescription":"Non-GMO"}],"categoryTrees":[{"level0":"Meat, Poultry & Seafood","level1":"Mince, Sausages & Meatballs","level2":"Pre-Cooked Sausages"}],"cateredFlag":false,"algoliaAnalytics":{"searchQueryID":"9ee9160cb9ac177f365a1e3ce92da2b7","searchPosition":713},"boughtBefore":false},{"productId":"5003320-EA-000","brand":"Arnott's","name":"Sesame Wheat Crackers","displayName":"250g","availability":["IN_STORE","ONLINE"],"saleType":"UNITS","restrictedFlag":false,"liquorFlag":false,"tobaccoFlag":false,"originRegulated":false,"singlePrice":{"price":399,"comparativePrice":{"pricePerUnit":160,"unitQuantity":100,"unitQuantityUom":"g","measureDescription":"100g"}},"facets":[{"itemCode":"00020012","itemDescription":"Non-GMO"}],"categoryTrees":[{"level0":"Pantry","level1":"Biscuits & Crackers","level2":"Crackers"},{"level0":"Featured","level1":"Back to School","level2":"Lunchbox Snacks","webContent":{"badgeSmallUrl":"","badgeMediumUrl":"","badgeLargeUrl":"","title":"","subTitle":"","campaignUrl":""},"appContent":{"badgeSmallUrl":"","badgeMediumUrl":"","badgeLargeUrl":"","title":"","subTitle":"","campaignUrl":""}}],"cateredFlag":false,"algoliaAnalytics":{"searchQueryID":"9ee9160cb9ac177f365a1e3ce92da2b7","searchPosition":714},"boughtBefore":false},{"productId":"5024692-EA-000","brand":"Nature's Fresh","name":"Hot Dog Rolls","displayName":"6 x 70g","availability":["IN_STORE","ONLINE"],"saleType":"UNITS","restrictedFlag":false,"liquorFlag":false,"tobaccoFlag":false,"originRegulated":false,"singlePrice":{"price":429,"comparativePrice":{"pricePerUnit":72,"unitQuantity":1,"unitQuantityUom":"ea","measureDescription":"ea"}},"facets":[{"itemCode":"00020012","itemDescription":"Non-GMO"}],"categoryTrees":[{"level0":"Bakery","level1":"Burger Buns, Rolls & Garlic Bread","level2":"Burger Buns & Bread Rolls"}],"cateredFlag":false,"algoliaAnalytics":{"searchQueryID":"9ee9160cb9ac177f365a1e3ce92da2b7","searchPosition":715},"boughtBefore":false},{"productId":"5001001-EA-000","brand":"Pams","name":"Flaky Puff Pastry Sheets","displayName":"750g","availability":["IN_STORE","ONLINE"],"saleType":"UNITS","restrictedFlag":false,"liquorFlag":false,"tobaccoFlag":false,"originRegulated":false,"singlePrice":{"price":559,"comparativePrice":{"pricePerUnit":75,"unitQuantity":100,"unitQuantityUom":"g","measureDescription":"100g"}},"facets":[{"itemCode":"00020012","itemDescription":"Non-GMO"}],"categoryTrees":[{"level0":"Frozen","level1":"Frozen Pastry & Bread","level2":"Frozen Pastry"},{"level0":"Featured","level1":"Pams","level2":"Frozen Foods"}],"cateredFlag":false,"algoliaAnalytics":{"searchQueryID":"9ee9160cb9ac177f365a1e3ce92da2b7","searchPosition":716},"boughtBefore":false},{"productId":"5014697-EA-000","brand":"Healtheries","name":"Roast Potato Stix","displayName":"160g","availability":["IN_STORE","ONLINE"],"saleType":"UNITS","restrictedFlag":false,"liquorFlag":false,"tobaccoFlag":false,"originRegulated":false,"singlePrice":{"price":479,"promoId":"129966251","comparativePrice":{"pricePerUnit":299,"unitQuantity":100,"unitQuantityUom":"g","measureDescription":"100g"}},"promotions":[{"promoId":"129966251","rewardValue":479,"decal":"6000","sapType":"BASE","rewardType":"NEW_PRICE","threshold":1,"limit":0,"multiProducts":false,"cardDependencyFlag":false,"bestPromotion":true,"comparativePrice":{"pricePerUnit":299,"unitQuantity":100,"unitQuantityUom":"g","measureDescription":"100g"}}],"categoryTrees":[{"level0":"Snacks, Treats & Easy Meals","level1":"Chips, Nuts & Snacks","level2":"Vege & Savoury Snacks"},{"level0":"Pantry","level1":"Chips, Nuts & Snacks","level2":"Vege & Savoury Snacks"}],"cateredFlag":false,"algoliaAnalytics":{"searchQueryID":"9ee9160cb9ac177f365a1e3ce92da2b7","searchPosition":717},"boughtBefore":false},{"productId":"5006214-EA-000","brand":"Pams","name":"Diced Tomatoes With Chilli And Herb","displayName":"400g","availability":["IN_STORE","ONLINE"],"saleType":"UNITS","restrictedFlag":false,"liquorFlag":false,"tobaccoFlag":false,"originRegulated":false,"singlePrice":{"price":89,"comparativePrice":{"pricePerUnit":223,"unitQuantity":1,"unitQuantityUom":"kg","measureDescription":"1kg"}},"facets":[{"itemCode":"00020011","itemDescription":"Low Sugar"},{"itemCode":"00020012","itemDescription":"Non-GMO"},{"itemCode":"00020007","itemDescription":"Dairy Free"},{"itemCode":"00020009","itemDescription":"Low Fat"}],"categoryTrees":[{"level0":"Pantry","level1":"Canned Foods & Packets","level2":"Canned Tomatoes"},{"level0":"Featured","level1":"Pams","level2":"Canned & Prepared Foods"}],"cateredFlag":false,"algoliaAnalytics":{"searchQueryID":"9ee9160cb9ac177f365a1e3ce92da2b7","searchPosition":718},"boughtBefore":false},{"productId":"5006079-EA-000","brand":"Pams","name":"Beef Sausage Rolls","displayName":"800g","availability":["IN_STORE","ONLINE"],"saleType":"UNITS","restrictedFlag":false,"liquorFlag":false,"tobaccoFlag":false,"originRegulated":false,"singlePrice":{"price":759,"promoId":"129828915","comparativePrice":{"pricePerUnit":95,"unitQuantity":100,"unitQuantityUom":"g","measureDescription":"100g"}},"promotions":[{"promoId":"129828915","rewardValue":759,"decal":"7000","sapType":"BASE","rewardType":"NEW_PRICE","threshold":1,"limit":0,"multiProducts":false,"cardDependencyFlag":false,"bestPromotion":true,"comparativePrice":{"pricePerUnit":95,"unitQuantity":100,"unitQuantityUom":"g","measureDescription":"100g"}}],"facets":[{"itemCode":"00020012","itemDescription":"Non-GMO"}],"categoryTrees":[{"level0":"Frozen","level1":"Frozen Dumplings, Pies & Snacks","level2":"Frozen Snacks & Sausage Rolls"},{"level0":"Snacks, Treats & Easy Meals","level1":"Easy Meals & Meal Kits","level2":"Family Pies & Quiches"},{"level0":"Featured","level1":"Pams","level2":"Frozen Foods"}],"cateredFlag":false,"algoliaAnalytics":{"searchQueryID":"9ee9160cb9ac177f365a1e3ce92da2b7","searchPosition":719},"boughtBefore":false},{"productId":"5264638-EA-000","brand":"Tegel","name":"Tenderbasted Chicken Thighs","displayName":"4kg","availability":["IN_STORE","ONLINE"],"saleType":"UNITS","restrictedFlag":false,"liquorFlag":false,"tobaccoFlag":false,"originRegulated":true,"originStatement":"Product of New Zealand","singlePrice":{"price":3129,"comparativePrice":{"pricePerUnit":782,"unitQuantity":1,"unitQuantityUom":"kg","measureDescription":"1kg"}},"facets":[{"itemCode":"00020006","itemDescription":"Cage Free"},{"itemCode":"00020012","itemDescription":"Non-GMO"},{"itemCode":"00020002","itemDescription":"Halal"}],"categoryTrees":[{"level0":"Frozen","level1":"Frozen Chicken & Meat","level2":"Frozen Coated Chicken & Nuggets"}],"cateredFlag":false,"algoliaAnalytics":{"searchQueryID":"9ee9160cb9ac177f365a1e3ce92da2b7","searchPosition":720},"boughtBefore":false},{"productId":"5010313-EA-000","brand":"Wag","name":"Original Dog Roll","displayName":"3kg","availability":["IN_STORE","ONLINE"],"saleType":"UNITS","restrictedFlag":false,"liquorFlag":false,"tobaccoFlag":false,"originRegulated":false,"singlePrice":{"price":1149,"comparativePrice":{"pricePerUnit":38,"unitQuantity":100,"unitQuantityUom":"g","measureDescription":"100g"}},"facets":[{"itemCode":"00020004","itemDescription":"Gluten Free"},{"itemCode":"00020011","itemDescription":"Low Sugar"}],"categoryTrees":[{"level0":"Pets","level1":"Dog","level2":"Chilled & Frozen Dog Food"}],"cateredFlag":false,"algoliaAnalytics":{"searchQueryID":"9ee9160cb9ac177f365a1e3ce92da2b7","searchPosition":721},"boughtBefore":false},{"productId":"5212778-EA-000","brand":"Anchor","name":"Protein+ Strawberry Greek Style Yoghurt","displayName":"180g","availability":["IN_STORE","ONLINE"],"saleType":"UNITS","restrictedFlag":false,"liquorFlag":false,"tobaccoFlag":false,"originRegulated":false,"singlePrice":{"price":289,"comparativePrice":{"pricePerUnit":161,"unitQuantity":100,"unitQuantityUom":"g","measureDescription":"100g"}},"facets":[{"itemCode":"00020009","itemDescription":"Low Fat"},{"itemCode":"00020012","itemDescription":"Non-GMO"}],"categoryTrees":[{"level0":"Fridge, Deli & Eggs","level1":"Yoghurt","level2":"Protein & Probiotic Yoghurt"},{"level0":"Fridge, Deli & Eggs","level1":"Yoghurt","level2":"Yoghurt Multi Packs & Single Serve"}],"cateredFlag":false,"algoliaAnalytics":{"searchQueryID":"9ee9160cb9ac177f365a1e3ce92da2b7","searchPosition":722},"boughtBefore":false},{"productId":"5008538-EA-000","brand":"Act II","name":"Butter Lovers Flavour Microwave Popcorn","displayName":"85g","availability":["IN_STORE","ONLINE"],"saleType":"UNITS","restrictedFlag":false,"liquorFlag":false,"tobaccoFlag":false,"originRegulated":false,"marketingInitiatives":[{"initiativeCode":"AOV"}],"singlePrice":{"price":149,"promoId":"130003141","comparativePrice":{"pricePerUnit":175,"unitQuantity":100,"unitQuantityUom":"g","measureDescription":"100g"}},"promotions":[{"promoId":"130004628","rewardValue":500,"decal":"6000","sapType":"LAYERED","rewardType":"NEW_PRICE","threshold":4,"multiProducts":true,"cardDependencyFlag":false,"bestPromotion":true,"comparativePrice":{"pricePerUnit":147,"unitQuantity":100,"unitQuantityUom":"g","measureDescription":"100g"}}],"facets":[{"itemCode":"00020012","itemDescription":"Non-GMO"}],"categoryTrees":[{"level0":"Snacks, Treats & Easy Meals","level1":"Chips, Nuts & Snacks","level2":"Popcorn"},{"level0":"Pantry","level1":"Chips, Nuts & Snacks","level2":"Popcorn"},{"level0":"$5 Week 1","level1":"$5 Week 1","level2":"Deals","webContent":{"badgeSmallUrl":"","badgeMediumUrl":"","badgeLargeUrl":"","title":"","subTitle":"","campaignUrl":""},"appContent":{"badgeSmallUrl":"","badgeMediumUrl":"","badgeLargeUrl":"","title":"","subTitle":"","campaignUrl":""}}],"cateredFlag":false,"algoliaAnalytics":{"searchQueryID":"9ee9160cb9ac177f365a1e3ce92da2b7","searchPosition":723},"boughtBefore":false},{"productId":"5018816-EA-000","brand":"Wattie's","name":"Roast Garlic & Onion Tomatoes","displayName":"400g","availability":["IN_STORE","ONLINE"],"saleType":"UNITS","restrictedFlag":false,"liquorFlag":false,"tobaccoFlag":false,"originRegulated":false,"singlePrice":{"price":239,"comparativePrice":{"pricePerUnit":598,"unitQuantity":1,"unitQuantityUom":"kg","measureDescription":"1kg"}},"facets":[{"itemCode":"00020012","itemDescription":"Non-GMO"}],"categoryTrees":[{"level0":"Pantry","level1":"Canned Foods & Packets","level2":"Canned Tomatoes"}],"cateredFlag":false,"algoliaAnalytics":{"searchQueryID":"9ee9160cb9ac177f365a1e3ce92da2b7","searchPosition":724},"boughtBefore":false},{"productId":"5008663-EA-000","brand":"Eclipse Premium","name":"Instant Whole Milk Powder","displayName":"1kg","availability":["IN_STORE","ONLINE"],"saleType":"UNITS","restrictedFlag":false,"liquorFlag":false,"tobaccoFlag":false,"originRegulated":false,"singlePrice":{"price":1399,"comparativePrice":{"pricePerUnit":140,"unitQuantity":100,"unitQuantityUom":"g","measureDescription":"100g"}},"facets":[{"itemCode":"00020012","itemDescription":"Non-GMO"},{"itemCode":"00020004","itemDescription":"Gluten Free"}],"categoryTrees":[{"level0":"Fridge, Deli & Eggs","level1":"Milk","level2":"UHT Milk & Milk Powder"},{"level0":"Pantry","level1":"Long Life & Dairy Free Milk","level2":"UHT Milk & Milk Powder"}],"cateredFlag":false,"algoliaAnalytics":{"searchQueryID":"9ee9160cb9ac177f365a1e3ce92da2b7","searchPosition":725},"boughtBefore":false},{"productId":"5274520-EA-000","brand":"Fresh 'n Fruity","name":"Berry Favourites Yoghurt","displayName":"6 x 125g","availability":["IN_STORE","ONLINE"],"saleType":"UNITS","restrictedFlag":false,"liquorFlag":false,"tobaccoFlag":false,"originRegulated":false,"singlePrice":{"price":419,"promoId":"129963799","comparativePrice":{"pricePerUnit":56,"unitQuantity":100,"unitQuantityUom":"g","measureDescription":"100g"}},"promotions":[{"promoId":"129963799","rewardValue":419,"decal":"6000","sapType":"BASE","rewardType":"NEW_PRICE","threshold":1,"limit":0,"multiProducts":false,"cardDependencyFlag":false,"bestPromotion":true,"comparativePrice":{"pricePerUnit":56,"unitQuantity":100,"unitQuantityUom":"g","measureDescription":"100g"}}],"facets":[{"itemCode":"00020009","itemDescription":"Low Fat"},{"itemCode":"00020002","itemDescription":"Halal"},{"itemCode":"00020012","itemDescription":"Non-GMO"}],"categoryTrees":[{"level0":"Fridge, Deli & Eggs","level1":"Yoghurt","level2":"Yoghurt Multi Packs & Single Serve"},{"level0":"Snacks, Treats & Easy Meals","level1":"Lunchbox Snacks","level2":"Yoghurt Pouches & Single Serve"},{"level0":"Featured","level1":"Back to School","level2":"Breakfast On The Go","webContent":{"badgeSmallUrl":"","badgeMediumUrl":"","badgeLargeUrl":"","title":"","subTitle":"","campaignUrl":""},"appContent":{"badgeSmallUrl":"","badgeMediumUrl":"","badgeLargeUrl":"","title":"","subTitle":"","campaignUrl":""}}],"cateredFlag":false,"algoliaAnalytics":{"searchQueryID":"9ee9160cb9ac177f365a1e3ce92da2b7","searchPosition":726},"boughtBefore":false},{"productId":"5010525-EA-000","brand":"Mentos","name":"Fruit Flavour Roll","displayName":"37.5g","availability":["IN_STORE","ONLINE"],"saleType":"UNITS","restrictedFlag":false,"liquorFlag":false,"tobaccoFlag":false,"originRegulated":false,"singlePrice":{"price":139,"comparativePrice":{"pricePerUnit":371,"unitQuantity":100,"unitQuantityUom":"g","measureDescription":"100g"}},"categoryTrees":[{"level0":"Snacks, Treats & Easy Meals","level1":"Chocolate, Sweets & Chewing Gum","level2":"Single Chocolate Bars & Sweets"},{"level0":"Pantry","level1":"Chocolate, Sweets & Chewing Gum","level2":"Single Chocolate Bars & Sweets"}],"cateredFlag":false,"algoliaAnalytics":{"searchQueryID":"9ee9160cb9ac177f365a1e3ce92da2b7","searchPosition":727},"boughtBefore":false},{"productId":"5104745-EA-000","name":"Blueberry Muffins","displayName":"6pk","availability":["IN_STORE","ONLINE"],"saleType":"UNITS","restrictedFlag":false,"liquorFlag":false,"tobaccoFlag":false,"originRegulated":false,"singlePrice":{"price":599,"comparativePrice":{"pricePerUnit":100,"unitQuantity":1,"unitQuantityUom":"ea","measureDescription":"ea"}},"categoryTrees":[{"level0":"Bakery","level1":"Cakes, Muffins & Desserts","level2":"Cakes & Muffins"},{"level0":"Bakery","level1":"In-Store Bakery","level2":"Fresh Cakes, Muffins & Scones"},{"level0":"Featured","level1":"Back to School","level2":"Lunchbox Snacks","webContent":{"badgeSmallUrl":"","badgeMediumUrl":"","badgeLargeUrl":"","title":"","subTitle":"","campaignUrl":""},"appContent":{"badgeSmallUrl":"","badgeMediumUrl":"","badgeLargeUrl":"","title":"","subTitle":"","campaignUrl":""}}],"cateredFlag":false,"algoliaAnalytics":{"searchQueryID":"9ee9160cb9ac177f365a1e3ce92da2b7","searchPosition":728},"boughtBefore":false},{"productId":"5020643-EA-000","brand":"Keri","name":"Pulpy Orange Fruit Drink","displayName":"1l","availability":["IN_STORE","ONLINE"],"saleType":"UNITS","restrictedFlag":false,"liquorFlag":false,"tobaccoFlag":false,"originRegulated":false,"singlePrice":{"price":249,"comparativePrice":{"pricePerUnit":249,"unitQuantity":1,"unitQuantityUom":"L","measureDescription":"1L"}},"categoryTrees":[{"level0":"Hot & Cold Drinks","level1":"Juice & Smoothies","level2":"Orange Juice"},{"level0":"Hot & Cold Drinks","level1":"Juice & Smoothies","level2":"Fruit Juice"}],"cateredFlag":false,"algoliaAnalytics":{"searchQueryID":"9ee9160cb9ac177f365a1e3ce92da2b7","searchPosition":729},"boughtBefore":false},{"productId":"5002061-EA-000","brand":"Wattie's","name":"Corn Cream Style","displayName":"410g","availability":["IN_STORE","ONLINE"],"saleType":"UNITS","restrictedFlag":false,"liquorFlag":false,"tobaccoFlag":false,"originRegulated":false,"singlePrice":{"price":179,"promoId":"129966122","comparativePrice":{"pricePerUnit":437,"unitQuantity":1,"unitQuantityUom":"kg","measureDescription":"1kg"}},"promotions":[{"promoId":"129966122","rewardValue":179,"decal":"6000","sapType":"BASE","rewardType":"NEW_PRICE","threshold":1,"limit":0,"multiProducts":false,"cardDependencyFlag":false,"bestPromotion":true,"comparativePrice":{"pricePerUnit":437,"unitQuantity":1,"unitQuantityUom":"kg","measureDescription":"1kg"}}],"facets":[{"itemCode":"00020009","itemDescription":"Low Fat"},{"itemCode":"00020012","itemDescription":"Non-GMO"}],"categoryTrees":[{"level0":"Pantry","level1":"Canned Foods & Packets","level2":"Canned & Dried Vegetables"}],"cateredFlag":false,"algoliaAnalytics":{"searchQueryID":"9ee9160cb9ac177f365a1e3ce92da2b7","searchPosition":730},"boughtBefore":false},{"productId":"5285118-EA-000","brand":"Arnott's Farmbake","name":"Triple Choc Biscuits","displayName":"310g","availability":["IN_STORE","ONLINE"],"saleType":"UNITS","restrictedFlag":false,"liquorFlag":false,"tobaccoFlag":false,"originRegulated":false,"singlePrice":{"price":339,"comparativePrice":{"pricePerUnit":109,"unitQuantity":100,"unitQuantityUom":"g","measureDescription":"100g"}},"facets":[{"itemCode":"00020012","itemDescription":"Non-GMO"}],"categoryTrees":[{"level0":"Pantry","level1":"Biscuits & Crackers","level2":"Chocolate Biscuits & Cookies"}],"cateredFlag":false,"algoliaAnalytics":{"searchQueryID":"9ee9160cb9ac177f365a1e3ce92da2b7","searchPosition":731},"boughtBefore":false},{"productId":"5015054-EA-000","brand":"Wattie's","name":"Crushed & Sieved Tomatoes","displayName":"400g","availability":["IN_STORE","ONLINE"],"saleType":"UNITS","restrictedFlag":false,"liquorFlag":false,"tobaccoFlag":false,"originRegulated":false,"singlePrice":{"price":189,"comparativePrice":{"pricePerUnit":473,"unitQuantity":1,"unitQuantityUom":"kg","measureDescription":"1kg"}},"facets":[{"itemCode":"00020009","itemDescription":"Low Fat"},{"itemCode":"00020012","itemDescription":"Non-GMO"}],"categoryTrees":[{"level0":"Pantry","level1":"Canned Foods & Packets","level2":"Canned Tomatoes"}],"cateredFlag":false,"algoliaAnalytics":{"searchQueryID":"9ee9160cb9ac177f365a1e3ce92da2b7","searchPosition":732},"boughtBefore":false},{"productId":"5218099-EA-000","brand":"Schweppes","name":"Sparkling Duet Orange & Lemon Soft Drink Cans","displayName":"6 x 330ml","availability":["IN_STORE","ONLINE"],"saleType":"UNITS","restrictedFlag":false,"liquorFlag":false,"tobaccoFlag":false,"originRegulated":false,"singlePrice":{"price":449,"comparativePrice":{"pricePerUnit":227,"unitQuantity":1,"unitQuantityUom":"L","measureDescription":"1L"}},"categoryTrees":[{"level0":"Hot & Cold Drinks","level1":"Soft Drinks & Mixers","level2":"Other Soft Drinks"},{"level0":"Hot & Cold Drinks","level1":"Soft Drinks & Mixers","level2":"Multipack Soft Drinks"}],"cateredFlag":false,"algoliaAnalytics":{"searchQueryID":"9ee9160cb9ac177f365a1e3ce92da2b7","searchPosition":733},"boughtBefore":false},{"productId":"5027113-EA-000","brand":"Meadow Fresh","name":"Chives & Garlic Cottage Cheese","displayName":"250g","availability":["IN_STORE","ONLINE"],"saleType":"UNITS","restrictedFlag":false,"liquorFlag":false,"tobaccoFlag":false,"originRegulated":false,"singlePrice":{"price":399,"comparativePrice":{"pricePerUnit":160,"unitQuantity":100,"unitQuantityUom":"g","measureDescription":"100g"}},"facets":[{"itemCode":"00020004","itemDescription":"Gluten Free"},{"itemCode":"00020012","itemDescription":"Non-GMO"},{"itemCode":"00020014","itemDescription":"Vegetarian"}],"categoryTrees":[{"level0":"Fridge, Deli & Eggs","level1":"Cheese","level2":"Cream Cheese & Cottage Cheese"}],"cateredFlag":false,"algoliaAnalytics":{"searchQueryID":"9ee9160cb9ac177f365a1e3ce92da2b7","searchPosition":734},"boughtBefore":false},{"productId":"5016267-EA-000","brand":"Indomie","name":"Mi Goreng Barbeque Chicken Instant Cup Noodles","displayName":"75g","availability":["IN_STORE","ONLINE"],"saleType":"UNITS","restrictedFlag":false,"liquorFlag":false,"tobaccoFlag":false,"originRegulated":false,"singlePrice":{"price":189,"promoId":"129983579","comparativePrice":{"pricePerUnit":252,"unitQuantity":100,"unitQuantityUom":"g","measureDescription":"100g"}},"promotions":[{"promoId":"129983579","rewardValue":189,"decal":"6000","sapType":"BASE","rewardType":"NEW_PRICE","threshold":1,"limit":0,"multiProducts":false,"cardDependencyFlag":false,"bestPromotion":true,"comparativePrice":{"pricePerUnit":252,"unitQuantity":100,"unitQuantityUom":"g","measureDescription":"100g"}}],"categoryTrees":[{"level0":"Pantry","level1":"Pasta, Rice & Noodles","level2":"Instant Noodles"},{"level0":"Snacks, Treats & Easy Meals","level1":"Ready to Eat","level2":"Instant Rice & Noodle Meals"}],"cateredFlag":false,"algoliaAnalytics":{"searchQueryID":"9ee9160cb9ac177f365a1e3ce92da2b7","searchPosition":735},"boughtBefore":false},{"productId":"5045843-KGM-000","name":"Red Potatoes","displayName":"kg","availability":["IN_STORE","ONLINE"],"saleType":"BOTH","restrictedFlag":false,"liquorFlag":false,"tobaccoFlag":false,"originRegulated":true,"originStatement":"Product of New Zealand","variableWeight":{"unitOfMeasure":"g","averageWeight":210,"minOrderQuantity":200,"stepSize":100,"stepUnitOfMeasure":"g"},"singlePrice":{"price":349,"comparativePrice":{"pricePerUnit":349,"unitQuantity":1,"unitQuantityUom":"kg","measureDescription":"1kg"}},"categoryTrees":[{"level0":"Fruit & Vegetables","level1":"Vegetables","level2":"Potato & Kumara"}],"cateredFlag":false,"algoliaAnalytics":{"searchQueryID":"9ee9160cb9ac177f365a1e3ce92da2b7","searchPosition":736},"boughtBefore":false},{"productId":"5010430-EA-000","brand":"Nippy's","name":"Iced Coffee Flavoured Milk","displayName":"375ml","availability":["IN_STORE","ONLINE"],"saleType":"UNITS","restrictedFlag":false,"liquorFlag":false,"tobaccoFlag":false,"originRegulated":false,"singlePrice":{"price":329,"comparativePrice":{"pricePerUnit":877,"unitQuantity":1,"unitQuantityUom":"L","measureDescription":"1L"}},"facets":[{"itemCode":"00020004","itemDescription":"Gluten Free"},{"itemCode":"00020012","itemDescription":"Non-GMO"}],"categoryTrees":[{"level0":"Hot & Cold Drinks","level1":"Hot Chocolate & Milk Drinks","level2":"Flavoured Milk"},{"level0":"Hot & Cold Drinks","level1":"Coffee","level2":"Iced Coffee & Cold Brew"},{"level0":"Fridge, Deli & Eggs","level1":"Milk","level2":"Flavoured Milk & Iced Coffee"}],"cateredFlag":false,"algoliaAnalytics":{"searchQueryID":"9ee9160cb9ac177f365a1e3ce92da2b7","searchPosition":737},"boughtBefore":false},{"productId":"5005470-EA-000","brand":"Cadbury","name":"Creme Egg","displayName":"40g","availability":["IN_STORE","ONLINE"],"saleType":"UNITS","restrictedFlag":false,"liquorFlag":false,"tobaccoFlag":false,"originRegulated":false,"singlePrice":{"price":189,"comparativePrice":{"pricePerUnit":473,"unitQuantity":100,"unitQuantityUom":"g","measureDescription":"100g"}},"facets":[{"itemCode":"00020012","itemDescription":"Non-GMO"}],"categoryTrees":[{"level0":"Snacks, Treats & Easy Meals","level1":"Chocolate, Sweets & Chewing Gum","level2":"Single Chocolate Bars & Sweets"},{"level0":"Pantry","level1":"Chocolate, Sweets & Chewing Gum","level2":"Single Chocolate Bars & Sweets"}],"cateredFlag":false,"algoliaAnalytics":{"searchQueryID":"9ee9160cb9ac177f365a1e3ce92da2b7","searchPosition":738},"boughtBefore":false},{"productId":"5002679-EA-000","brand":"Edmonds","name":"Fielder's Cornflour","displayName":"300g","availability":["IN_STORE","ONLINE"],"saleType":"UNITS","restrictedFlag":false,"liquorFlag":false,"tobaccoFlag":false,"originRegulated":false,"singlePrice":{"price":199,"comparativePrice":{"pricePerUnit":66,"unitQuantity":100,"unitQuantityUom":"g","measureDescription":"100g"}},"facets":[{"itemCode":"00020012","itemDescription":"Non-GMO"},{"itemCode":"00020004","itemDescription":"Gluten Free"}],"categoryTrees":[{"level0":"Pantry","level1":"Baking Supplies & Sugar","level2":"Flour"}],"cateredFlag":false,"algoliaAnalytics":{"searchQueryID":"9ee9160cb9ac177f365a1e3ce92da2b7","searchPosition":739},"boughtBefore":false},{"productId":"5106662-EA-000","name":"Hamburger Buns","displayName":"6pk","availability":["IN_STORE","ONLINE"],"saleType":"UNITS","restrictedFlag":false,"liquorFlag":false,"tobaccoFlag":false,"originRegulated":false,"singlePrice":{"price":439,"comparativePrice":{"pricePerUnit":73,"unitQuantity":1,"unitQuantityUom":"ea","measureDescription":"ea"}},"categoryTrees":[{"level0":"Bakery","level1":"Burger Buns, Rolls & Garlic Bread","level2":"Burger Buns & Bread Rolls"}],"cateredFlag":false,"algoliaAnalytics":{"searchQueryID":"9ee9160cb9ac177f365a1e3ce92da2b7","searchPosition":740},"boughtBefore":false},{"productId":"5002411-EA-000","brand":"Schweppes","name":"Sparkling Duet Lime","displayName":"1.5l","availability":["IN_STORE","ONLINE"],"saleType":"UNITS","restrictedFlag":false,"liquorFlag":false,"tobaccoFlag":false,"originRegulated":false,"singlePrice":{"price":159,"comparativePrice":{"pricePerUnit":106,"unitQuantity":1,"unitQuantityUom":"L","measureDescription":"1L"}},"facets":[{"itemCode":"00020012","itemDescription":"Non-GMO"}],"categoryTrees":[{"level0":"Hot & Cold Drinks","level1":"Soft Drinks & Mixers","level2":"Other Soft Drinks"}],"cateredFlag":false,"algoliaAnalytics":{"searchQueryID":"9ee9160cb9ac177f365a1e3ce92da2b7","searchPosition":741},"boughtBefore":false},{"productId":"5013287-EA-000","brand":"Palmolive","name":"Dry Skin Low Fragrance Dishwashing Liquid","displayName":"500ml","availability":["IN_STORE","ONLINE"],"saleType":"UNITS","restrictedFlag":false,"liquorFlag":false,"tobaccoFlag":false,"originRegulated":false,"singlePrice":{"price":249,"comparativePrice":{"pricePerUnit":50,"unitQuantity":100,"unitQuantityUom":"ml","measureDescription":"100ml"}},"categoryTrees":[{"level0":"Household & Cleaning","level1":"Dishwashing","level2":"Dishwashing Liquid"}],"cateredFlag":false,"algoliaAnalytics":{"searchQueryID":"9ee9160cb9ac177f365a1e3ce92da2b7","searchPosition":742},"boughtBefore":false},{"productId":"5007644-EA-000","brand":"V","name":"Zero Sugar Original Guarana Energy Drink","displayName":"500ml","availability":["IN_STORE","ONLINE"],"saleType":"UNITS","restrictedFlag":false,"liquorFlag":false,"tobaccoFlag":false,"originRegulated":false,"singlePrice":{"price":299,"comparativePrice":{"pricePerUnit":598,"unitQuantity":1,"unitQuantityUom":"L","measureDescription":"1L"}},"facets":[{"itemCode":"00020011","itemDescription":"Low Sugar"},{"itemCode":"00020012","itemDescription":"Non-GMO"}],"categoryTrees":[{"level0":"Hot & Cold Drinks","level1":"Sports & Energy Drinks","level2":"Energy Drinks"}],"cateredFlag":false,"algoliaAnalytics":{"searchQueryID":"9ee9160cb9ac177f365a1e3ce92da2b7","searchPosition":743},"boughtBefore":false},{"productId":"5019637-EA-000","brand":"Pams","name":"Whole Egg Mayonnaise","displayName":"887ml","availability":["IN_STORE","ONLINE"],"saleType":"UNITS","restrictedFlag":false,"liquorFlag":false,"tobaccoFlag":false,"originRegulated":false,"singlePrice":{"price":729,"comparativePrice":{"pricePerUnit":82,"unitQuantity":100,"unitQuantityUom":"ml","measureDescription":"100ml"}},"facets":[{"itemCode":"00020003","itemDescription":"Free Range"},{"itemCode":"00020012","itemDescription":"Non-GMO"},{"itemCode":"00020007","itemDescription":"Dairy Free"}],"categoryTrees":[{"level0":"Pantry","level1":"Table Sauces, Dressings & Condiments","level2":"Mayonnaise"},{"level0":"Featured","level1":"Pams","level2":"Condiments & Dressings"}],"cateredFlag":false,"algoliaAnalytics":{"searchQueryID":"9ee9160cb9ac177f365a1e3ce92da2b7","searchPosition":744},"boughtBefore":false},{"productId":"5013767-EA-000","brand":"Mainland","name":"Parmesan Cheese","displayName":"200g","availability":["IN_STORE","ONLINE"],"saleType":"UNITS","restrictedFlag":false,"liquorFlag":false,"tobaccoFlag":false,"originRegulated":false,"singlePrice":{"price":899,"comparativePrice":{"pricePerUnit":450,"unitQuantity":100,"unitQuantityUom":"g","measureDescription":"100g"}},"facets":[{"itemCode":"00020012","itemDescription":"Non-GMO"}],"categoryTrees":[{"level0":"Fridge, Deli & Eggs","level1":"Cheese","level2":"Halloumi, Mozzarella & Parmesan"}],"cateredFlag":false,"algoliaAnalytics":{"searchQueryID":"9ee9160cb9ac177f365a1e3ce92da2b7","searchPosition":745},"boughtBefore":false},{"productId":"5123899-EA-000","brand":"Morinaga","name":"Hi-Chew Original Mix","displayName":"100g","availability":["IN_STORE","ONLINE"],"saleType":"UNITS","restrictedFlag":false,"liquorFlag":false,"tobaccoFlag":false,"originRegulated":false,"singlePrice":{"price":200,"promoId":"130003283","comparativePrice":{"pricePerUnit":200,"unitQuantity":100,"unitQuantityUom":"g","measureDescription":"100g"}},"promotions":[{"promoId":"130003283","rewardValue":200,"decal":"6000","sapType":"BASE","rewardType":"NEW_PRICE","threshold":1,"limit":0,"multiProducts":false,"cardDependencyFlag":false,"bestPromotion":true,"comparativePrice":{"pricePerUnit":200,"unitQuantity":100,"unitQuantityUom":"g","measureDescription":"100g"}}],"facets":[{"itemCode":"00020004","itemDescription":"Gluten Free"}],"categoryTrees":[{"level0":"Snacks, Treats & Easy Meals","level1":"Chocolate, Sweets & Chewing Gum","level2":"Lollies, Sweets & Licorice"},{"level0":"Pantry","level1":"Chocolate, Sweets & Chewing Gum","level2":"Lollies, Sweets & Licorice"}],"cateredFlag":false,"algoliaAnalytics":{"searchQueryID":"9ee9160cb9ac177f365a1e3ce92da2b7","searchPosition":746},"boughtBefore":false},{"productId":"5025904-EA-000","brand":"Real Foods","name":"Corn Thins Original Crispbread","displayName":"150g","availability":["IN_STORE","ONLINE"],"saleType":"UNITS","restrictedFlag":false,"liquorFlag":false,"tobaccoFlag":false,"originRegulated":false,"singlePrice":{"price":269,"comparativePrice":{"pricePerUnit":179,"unitQuantity":100,"unitQuantityUom":"g","measureDescription":"100g"}},"facets":[{"itemCode":"00020012","itemDescription":"Non-GMO"},{"itemCode":"00020004","itemDescription":"Gluten Free"}],"categoryTrees":[{"level0":"Pantry","level1":"Biscuits & Crackers","level2":"Rice Cakes & Crispbread"}],"cateredFlag":false,"algoliaAnalytics":{"searchQueryID":"9ee9160cb9ac177f365a1e3ce92da2b7","searchPosition":747},"boughtBefore":false},{"productId":"5019573-EA-000","brand":"Act II","name":"Sweet & Salty Kettle Corn Microwave Popcorn","displayName":"85g","availability":["IN_STORE","ONLINE"],"saleType":"UNITS","restrictedFlag":false,"liquorFlag":false,"tobaccoFlag":false,"originRegulated":false,"singlePrice":{"price":149,"promoId":"130003141","comparativePrice":{"pricePerUnit":175,"unitQuantity":100,"unitQuantityUom":"g","measureDescription":"100g"}},"promotions":[{"promoId":"130004628","rewardValue":500,"decal":"6000","sapType":"LAYERED","rewardType":"NEW_PRICE","threshold":4,"multiProducts":true,"cardDependencyFlag":false,"bestPromotion":true,"comparativePrice":{"pricePerUnit":147,"unitQuantity":100,"unitQuantityUom":"g","measureDescription":"100g"}}],"facets":[{"itemCode":"00020012","itemDescription":"Non-GMO"}],"categoryTrees":[{"level0":"Snacks, Treats & Easy Meals","level1":"Chips, Nuts & Snacks","level2":"Popcorn"},{"level0":"Pantry","level1":"Chips, Nuts & Snacks","level2":"Popcorn"},{"level0":"$5 Week 1","level1":"$5 Week 1","level2":"Deals","webContent":{"badgeSmallUrl":"","badgeMediumUrl":"","badgeLargeUrl":"","title":"","subTitle":"","campaignUrl":""},"appContent":{"badgeSmallUrl":"","badgeMediumUrl":"","badgeLargeUrl":"","title":"","subTitle":"","campaignUrl":""}}],"cateredFlag":false,"algoliaAnalytics":{"searchQueryID":"9ee9160cb9ac177f365a1e3ce92da2b7","searchPosition":748},"boughtBefore":false},{"productId":"5101616-EA-000","brand":"Huggies","name":"Cucumber & Aloe Baby Wipes","displayName":"80pk","availability":["IN_STORE","ONLINE"],"saleType":"UNITS","restrictedFlag":false,"liquorFlag":false,"tobaccoFlag":false,"originRegulated":false,"singlePrice":{"price":399,"comparativePrice":{"pricePerUnit":499,"unitQuantity":100,"unitQuantityUom":" ","measureDescription":"100"}},"categoryTrees":[{"level0":"Baby & Toddler","level1":"Baby Wipes","level2":"Fragranced Wipes"}],"cateredFlag":false,"algoliaAnalytics":{"searchQueryID":"9ee9160cb9ac177f365a1e3ce92da2b7","searchPosition":749},"boughtBefore":false},{"productId":"5038785-EA-000","brand":"Wrigley's Extra","name":"Spearmint Sugar Free Chewing Gum Bottle","displayName":"64g","availability":["IN_STORE","ONLINE"],"saleType":"UNITS","restrictedFlag":false,"liquorFlag":false,"tobaccoFlag":false,"originRegulated":false,"singlePrice":{"price":539,"promoId":"129877750","comparativePrice":{"pricePerUnit":842,"unitQuantity":100,"unitQuantityUom":"g","measureDescription":"100g"}},"promotions":[{"promoId":"129877750","rewardValue":539,"decal":"7000","sapType":"BASE","rewardType":"NEW_PRICE","threshold":1,"limit":0,"multiProducts":false,"cardDependencyFlag":false,"bestPromotion":true,"comparativePrice":{"pricePerUnit":842,"unitQuantity":100,"unitQuantityUom":"g","measureDescription":"100g"}}],"categoryTrees":[{"level0":"Snacks, Treats & Easy Meals","level1":"Chocolate, Sweets & Chewing Gum","level2":"Chewing Gum & Mints"},{"level0":"Pantry","level1":"Chocolate, Sweets & Chewing Gum","level2":"Chewing Gum & Mints"}],"cateredFlag":false,"algoliaAnalytics":{"searchQueryID":"9ee9160cb9ac177f365a1e3ce92da2b7","searchPosition":750},"boughtBefore":false}],"algoliaSearchResult":{"facets":{"brand":{"Pams":809,"Wattie's":155,"Mrs Rogers":111,"Colgate":90,"Anchor":81,"Korbond":81,"Healtheries":80,"Tip Top":72,"Hellers":64,"VitaPet":63,"Gregg's":60,"Value":60,"Ceres Organics":56,"Continental":52,"Dettol":52,"Tasti":52,"Mainland":51,"Griffin's":50,"Maggi":50,"Pams Value":50,"Nivea":49,"Red Seal":49,"Dove":48,"Barker's":47,"Meadow Fresh":47,"Musashi":46,"Huggies":44,"Nestle":43,"Nescafe":41,"Palmolive":40,"McCain":39,"Bic":38,"Masterfoods":37,"Mother Earth":36,"Cadbury":35,"Delmaine":34,"Kellogg's":34,"Heinz":33,"Sealord":33,"Graze":31,"Lewis Road Creamery":31,"Sistema":31,"Whittaker's":31,"Chux":30,"Edmonds":30,"Jed's Coffee Co.":30,"The Collective":30,"Pams Finest":29,"Avalanche":28,"Bundaberg":28,"Energizer":28,"Whiskas":28,"Big Black Sacks":27,"Bluebird":27,"Glow Lab":27,"Kapiti":27,"Palmolive Naturals":27,"Arnott's":26,"Diamond":26,"Fresh To Go":26,"Hubbards":26,"Lindt":26,"Schweppes":26,"Farrah's":25,"Moccona":25,"Old El Paso":25,"Persil":25,"Philips":25,"Best":24,"Chef":24,"Fresh 'n Fruity":24,"Schick":24,"Tegel":24,"Eta":23,"Purina Fancy Feast":23,"Surv":23,"Dairyworks":22,"Dine":22,"Ecostore":22,"Harpic":22,"North Head":22,"San Remo":22,"Head & Shoulders":21,"John West":21,"Lee Kum Kee":21,"Rascals":21,"V":21,"Verkerks":21,"Chelsea":20,"Jacob's Creek":20,"Leggo's":20,"Only Organic":20,"Sanitarium Up & Go":20,"U By Kotex":20,"Campbell's":19,"Eveready":19,"Magnum":19,"Nivea Men":19,"Poise":19,"Schwarzkopf Extra Care":19},"tobacco":{"false":9994},"category1NI":{"Chips, Nuts & Snacks":445,"Canned Foods & Packets":347,"Pams":344,"Biscuits & Crackers":304,"Back to School":290,"Chocolate, Sweets & Chewing Gum":288,"Cooking Sauces, Stocks & Marinades":274,"Hair Care":265,"Stationery & Entertainment":257,"Cheese":238,"Lunchbox Snacks":235,"Spices, Seasoning & Coatings":234,"Baking Supplies & Sugar":231,"Coffee":226,"Table Sauces, Dressings & Condiments":225,"Pasta, Rice & Noodles":224,"Cat":213,"Ice Cream & Sorbet":204,"Yoghurt":202,"Cleaning & Accessories":199,"Easy Meals & Meal Kits":176,"Deli Meats & Smoked Fish":169,"Homewares":165,"Food Wrap, Storage & Bags":163,"Dental & Oral Care":159,"Bath, Shower & Soap":157,"Red Wine":156,"Dog":151,"Soft Drinks & Mixers":148,"Breakfast Cereals":146,"Skin Care & Sun Care":143,"Deli Meats":137,"Laundry":134,"White Wine":130,"Medical & First Aid":125,"$5 Week 1":117,"Juice & Smoothies":111,"Period & Continence Care":111,"World Foods":111,"Vegetables":107,"Dips, Hummus & Antipasti":103,"Vitamins & Supplements":101,"Milk":98,"Deodorant & Body Sprays":97,"Ready to Eat":95,"Batteries & Electrical":93,"Jams, Honey & Spreads":93,"Beer":92,"Tea":91,"Sports & Energy Drinks":90,"Bulk Foods":86,"Desserts":86,"Nappies & Changing":83,"Chilled Soups & Ready Meals":80,"Frozen Chicken & Meat":76,"Garage & Outdoor":76,"Baby & Toddler Food":74,"Sliced & Packaged Bread":72,"Kitchen Cleaners":71,"Cakes, Muffins & Desserts":67,"Hot Chocolate & Milk Drinks":67,"Shaving & Hair Removal":65,"Frozen Fish & Seafood":64,"Bathroom & Toilet Cleaners":61,"Fresh Salad & Herbs":61,"Sports Nutrition & Weight Management":60,"Frozen Vegetables":57,"In-Store Bakery":57,"Oil & Vinegar":56,"Frozen Dumplings, Pies & Snacks":53,"Dishwashing":52,"Frozen Pizza & Ready Meals":52,"Wraps, Pita & Flat Bread":50,"Butter & Margarine":48,"Frozen Fruit & Desserts":46,"Pest & Insect Control":46,"Syrups, Cordials & Powdered Drinks":46,"Long Life & Dairy Free Milk":45,"Chilled Pasta, Pizza & Garlic Bread":43,"Baby & Toddler Toiletries":41,"Toilet Paper, Tissues & Paper Towels":40,"Mince, Sausages & Meatballs":39,"Rose Wine":39,"Seafood":39,"Champagne & Sparkling Wine":38,"Baby Formula":37,"Frozen Chips & Hash Browns":36,"Fruit":36,"Bagels, Crumpets & Pancakes":35,"Cream, Custard & Desserts":34,"Craft Beer":31,"Water":31,"Chicken & Poultry":30,"Kombucha & Functional Drinks":29,"Clothing & Accessories":28,"Nursing & Feeding":28,"Alcohol Free Drinks":27,"Burger Buns, Rolls & Garlic Bread":26,"Cider":24,"Frozen Pastry & Bread":23},"onPromotion":{"61dd754e-8525-4b9e-9e08-173389eea8a8":2714,"c3f9e1a3-fc34-452d-af2e-95349e666ba4":2702,"715f0e22-95e0-45ce-af3a-07057209976e":2698,"4a279605-eaa8-470d-bcd4-0a9e3c9ab43b":2685,"5cf0392f-c187-4fc4-a463-eb269d2e8f45":2660,"90082979-fb9f-4305-9c72-83274fc438cc":2656,"b29a98bd-749c-489c-9eef-6aa38e66a29b":2631,"2ed73be8-936d-4f35-9398-75a707f40a7b":2560,"dbca5e00-f7f9-43ae-91de-031ad16f8a92":2548,"be4c4780-218e-425a-a90f-63e21773572b":2538,"8cd700ae-d96f-4761-bd7a-805d6b93536d":2460,"d8032da3-c1b9-456e-b626-41ce21f8c67b":2401,"3c5e3145-0767-4066-9349-6c0a1313acc5":2383,"bdc5ef4a-c6a7-4f8a-b8cb-28109e6d61c3":2266,"2a1b331a-fc4a-496a-b072-e97cc8f70cae":2066,"d6d39eea-889d-4e20-923c-55cab225cf7f":2060,"c2204dae-579e-4b6b-9d42-2e13ceaa6031":2057,"65defcf2-bc15-490e-a84f-1f13b769cd22":2047,"8f0d70be-5cb7-464b-99cb-8b0130671895":2024,"b92cc33f-b5a8-4b57-9b82-412946800020":1977,"3404c253-577f-45ca-b301-c98312e46efb":1965,"c0f80e87-16be-4488-9553-da437e8c6c2a":1954,"6e6809dd-01bc-45c9-aab1-f01ccd8338b0":1952,"3bfe040b-f0c9-45e0-949b-b9ad5a591d55":1940,"92086ded-a55d-4241-a364-7d7ea91531b4":1937,"48dd98cc-a757-4102-b15d-ea82b4b10571":1931,"49037947-e450-49bf-ba1f-a94551c79a72":1915,"21ecaaed-0749-4492-985e-4bb7ba43d59c":1903,"3bb30799-82ce-4648-8c02-5113228963ed":1895,"01a114de-149c-4f5f-80a1-90cc63f69c6e":1886,"c180a72d-5dbe-4403-b7c7-91655e505492":1877,"714431ab-6e39-4df6-ac77-cfc5c1e25bc8":1864,"e1925ea7-01bc-4358-ae7c-c6502da5ab12":1860,"64eab5b1-8d79-45f4-94f1-02b8cf8b6202":1857,"1c388d5e-29ac-4956-b476-cb3431353d2e":1852,"5f167936-79ae-4f6a-b9d2-74afe1bb096b":1845,"d1cd1fdd-8767-46a6-a8d3-c3e0632c2dc8":1845,"b2e98a14-c8ca-401e-99ed-edf74570c6f6":1838,"af385423-d0f1-41f0-9482-ffd10b745143":1829,"6cda96e1-7d29-44a6-956b-3fcfdecc8184":1820,"529d66cc-60e3-432e-b8d1-efc9f2ec4919":1815,"4fcc1c8e-cc5e-4675-ba25-5e56b579cf69":1800,"7d48a781-4f68-4c91-a908-8659e1b22f95":1773,"53989945-1a28-481d-a61c-d6f75f760ada":1767,"60561e46-ece7-43a7-b142-9b14812586e4":1765,"9cd8eb60-3222-4efc-bd7c-50e03e6a81a4":1761,"33d8d6fc-861a-45ff-9937-5ccdb55eaede":1756,"15e6f441-5c1c-4d25-b4ec-1adf918c49c7":1746,"98ec3885-ac93-4fcb-807b-59c9055c52c4":1730,"94ef1985-cab1-4b39-a2f3-230120f03c16":1727,"a7d09522-bee2-41e4-8fe0-0b82b7f342f5":1712,"6c73764e-b8e6-4e55-ad37-f6a9d207da1f":1700,"b83029b6-5dd5-449e-8056-26f3943a4e18":1699,"50b1216b-d066-4457-b88b-9bccf97bf6d3":1684,"3e82142c-78dc-46f3-82ec-28e65fcf84c9":1614,"b39562a4-2b72-43fe-b9ba-eda1d651ad0b":1577,"076e8177-943b-41fc-a885-ba3d28297acf":1534},"productFacets":{"Non-GMO":4194,"Gluten Free":1186,"Dairy Free":518,"Vegetarian":461,"Low Fat":431,"Vegan":397,"Low Sugar":355,"Organic":260,"Halal":229,"Free Range":100,"Cage Free":47,"Keto":27,"Low Salt":24,"Healthy Heart Tick":1}}},"algoliaFacetQueriesResults":[],"totalHits":1000,"page":14,"totalPages":20,"hitsPerPage":50},
{"tobaccoProducts":false,"products":[{"productId":"5002531-EA-000","brand":"Bell","name":"Original Black Tea Bags","displayName":"100pk","availability":["IN_STORE","ONLINE"],"saleType":"UNITS","restrictedFlag":false,"liquorFlag":false,"tobaccoFlag":false,"originRegulated":false,"marketingInitiatives":[{"initiativeCode":"AOV"}],"singlePrice":{"price":479,"promoId":"129996038","comparativePrice":{"pricePerUnit":479,"unitQuantity":100,"unitQuantityUom":" ","measureDescription":"100"}},"promotions":[{"promoId":"129996038","rewardValue":479,"decal":"6000","sapType":"BASE","rewardType":"NEW_PRICE","threshold":1,"limit":0,"multiProducts":false,"cardDependencyFlag":false,"bestPromotion":true,"comparativePrice":{"pricePerUnit":479,"unitQuantity":100,"unitQuantityUom":" ","measureDescription":"100"}}],"facets":[{"itemCode":"00020012","itemDescription":"Non-GMO"}],"categoryTrees":[{"level0":"Hot & Cold Drinks","level1":"Tea","level2":"Black Tea"}],"cateredFlag":false,"algoliaAnalytics":{"searchQueryID":"5102f4259d8f85a77ea286d2d8743eed","searchPosition":651},"boughtBefore":false},{"productId":"5100169-EA-000","brand":"Haagen","name":"Premium Malt Lager","displayName":"500ml","availability":["IN_STORE","ONLINE"],"saleType":"UNITS","restrictedFlag":true,"liquorFlag":true,"tobaccoFlag":false,"originRegulated":false,"singlePrice":{"price":449},"categoryTrees":[{"level0":"Beer, Wine & Cider","level1":"Beer","level2":"International Beers"}],"cateredFlag":false,"algoliaAnalytics":{"searchQueryID":"5102f4259d8f85a77ea286d2d8743eed","searchPosition":652},"boughtBefore":false},{"productId":"5003691-EA-000","brand":"Big Black Sacks","name":"Draw String Rubbish Bags 720 x 900mm","displayName":"5pk","availability":["IN_STORE","ONLINE"],"saleType":"UNITS","restrictedFlag":false,"liquorFlag":false,"tobaccoFlag":false,"originRegulated":false,"singlePrice":{"price":299,"comparativePrice":{"pricePerUnit":60,"unitQuantity":1,"unitQuantityUom":"ea","measureDescription":"ea"}},"categoryTrees":[{"level0":"Household & Cleaning","level1":"Food Wrap, Storage & Bags","level2":"Rubbish Bags & Bin Liners"}],"cateredFlag":false,"algoliaAnalytics":{"searchQueryID":"5102f4259d8f85a77ea286d2d8743eed","searchPosition":653},"boughtBefore":false},{"productId":"5003976-EA-000","brand":"Pams","name":"Beef & Cheese Sausage Rolls","displayName":"800g","availability":["IN_STORE","ONLINE"],"saleType":"UNITS","restrictedFlag":false,"liquorFlag":false,"tobaccoFlag":false,"originRegulated":false,"singlePrice":{"price":759,"promoId":"129828915","comparativePrice":{"pricePerUnit":95,"unitQuantity":100,"unitQuantityUom":"g","measureDescription":"100g"}},"promotions":[{"promoId":"129828915","rewardValue":759,"decal":"7000","sapType":"BASE","rewardType":"NEW_PRICE","threshold":1,"limit":0,"multiProducts":false,"cardDependencyFlag":false,"bestPromotion":true,"comparativePrice":{"pricePerUnit":95,"unitQuantity":100,"unitQuantityUom":"g","measureDescription":"100g"}}],"facets":[{"itemCode":"00020012","itemDescription":"Non-GMO"}],"categoryTrees":[{"level0":"Frozen","level1":"Frozen Dumplings, Pies & Snacks","level2":"Frozen Snacks & Sausage Rolls"},{"level0":"Snacks, Treats & Easy Meals","level1":"Easy Meals & Meal Kits","level2":"Family Pies & Quiches"},{"level0":"Featured","level1":"Pams","level2":"Frozen Foods"}],"cateredFlag":false,"algoliaAnalytics":{"searchQueryID":"5102f4259d8f85a77ea286d2d8743eed","searchPosition":654},"boughtBefore":false},{"productId":"5219714-EA-000","brand":"Pams","name":"Asian Slaw With Dressing","displayName":"500g","availability":["IN_STORE","ONLINE"],"saleType":"UNITS","restrictedFlag":false,"liquorFlag":false,"tobaccoFlag":false,"originRegulated":true,"originStatement":"Product of New Zealand","singlePrice":{"price":449,"comparativePrice":{"pricePerUnit":898,"unitQuantity":1,"unitQuantityUom":"kg","measureDescription":"1kg"}},"facets":[{"itemCode":"00020007","itemDescription":"Dairy Free"},{"itemCode":"00020012","itemDescription":"Non-GMO"}],"categoryTrees":[{"level0":"Fruit & Vegetables","level1":"Vegetables","level2":"Slaw & Salad Kits"},{"level0":"Fruit & Vegetables","level1":"Fresh Salad & Herbs","level2":"Slaw & Salad Kits"}],"cateredFlag":false,"algoliaAnalytics":{"searchQueryID":"5102f4259d8f85a77ea286d2d8743eed","searchPosition":655},"boughtBefore":false},{"productId":"5046275-EA-000","brand":"Pams Fresh","name":"Silverbeet","displayName":"ea","availability":["IN_STORE","ONLINE"],"saleType":"UNITS","restrictedFlag":false,"liquorFlag":false,"tobaccoFlag":false,"originRegulated":true,"originStatement":"Product of New Zealand","singlePrice":{"price":449},"categoryTrees":[{"level0":"Fruit & Vegetables","level1":"Vegetables","level2":"Lettuce, Spinach & Salad Greens"},{"level0":"Fruit & Vegetables","level1":"Fresh Salad & Herbs","level2":"Lettuce, Spinach & Salad Greens"}],"cateredFlag":false,"algoliaAnalytics":{"searchQueryID":"5102f4259d8f85a77ea286d2d8743eed","searchPosition":656},"boughtBefore":false},{"productId":"5019386-EA-000","brand":"Mexicano","name":"Tasty Cheese Corn Chips","displayName":"170g","availability":["IN_STORE","ONLINE"],"saleType":"UNITS","restrictedFlag":false,"liquorFlag":false,"tobaccoFlag":false,"originRegulated":false,"singlePrice":{"price":249,"promoId":"129967153","comparativePrice":{"pricePerUnit":146,"unitQuantity":100,"unitQuantityUom":"g","measureDescription":"100g"}},"promotions":[{"promoId":"129967153","rewardValue":249,"decal":"6000","sapType":"BASE","rewardType":"NEW_PRICE","threshold":1,"limit":0,"multiProducts":false,"cardDependencyFlag":false,"bestPromotion":true,"comparativePrice":{"pricePerUnit":146,"unitQuantity":100,"unitQuantityUom":"g","measureDescription":"100g"}}],"facets":[{"itemCode":"00020014","itemDescription":"Vegetarian"},{"itemCode":"00020004","itemDescription":"Gluten Free"},{"itemCode":"00020012","itemDescription":"Non-GMO"}],"categoryTrees":[{"level0":"Snacks, Treats & Easy Meals","level1":"Chips, Nuts & Snacks","level2":"Corn Chips & Salsa"},{"level0":"Pantry","level1":"Chips, Nuts & Snacks","level2":"Corn Chips & Salsa"}],"cateredFlag":false,"algoliaAnalytics":{"searchQueryID":"5102f4259d8f85a77ea286d2d8743eed","searchPosition":657},"boughtBefore":false},{"productId":"5013505-EA-000","brand":"Mainland","name":"Salted Buttersoft Spreadable Butter","displayName":"375g","availability":["IN_STORE","ONLINE"],"saleType":"UNITS","restrictedFlag":false,"liquorFlag":false,"tobaccoFlag":false,"originRegulated":false,"singlePrice":{"price":1039,"comparativePrice":{"pricePerUnit":277,"unitQuantity":100,"unitQuantityUom":"g","measureDescription":"100g"}},"facets":[{"itemCode":"00020012","itemDescription":"Non-GMO"}],"categoryTrees":[{"level0":"Fridge, Deli & Eggs","level1":"Butter & Margarine","level2":"Butter"}],"cateredFlag":false,"algoliaAnalytics":{"searchQueryID":"5102f4259d8f85a77ea286d2d8743eed","searchPosition":658},"boughtBefore":false},{"productId":"5016233-EA-000","brand":"Tip Top","name":"Supersoft King Hamburger Buns","displayName":"8 x 90g","availability":["IN_STORE","ONLINE"],"saleType":"UNITS","restrictedFlag":false,"liquorFlag":false,"tobaccoFlag":false,"originRegulated":false,"singlePrice":{"price":519,"comparativePrice":{"pricePerUnit":72,"unitQuantity":100,"unitQuantityUom":"g","measureDescription":"100g"}},"categoryTrees":[{"level0":"Bakery","level1":"Burger Buns, Rolls & Garlic Bread","level2":"Burger Buns & Bread Rolls"}],"cateredFlag":false,"algoliaAnalytics":{"searchQueryID":"5102f4259d8f85a77ea286d2d8743eed","searchPosition":659},"boughtBefore":false},{"productId":"5003272-EA-000","brand":"Tegel","name":"Chicken Drums","displayName":"5kg","availability":["IN_STORE","ONLINE"],"saleType":"UNITS","restrictedFlag":false,"liquorFlag":false,"tobaccoFlag":false,"originRegulated":true,"originStatement":"Product of New Zealand","singlePrice":{"price":2939,"comparativePrice":{"pricePerUnit":588,"unitQuantity":1,"unitQuantityUom":"kg","measureDescription":"1kg"}},"facets":[{"itemCode":"00020006","itemDescription":"Cage Free"},{"itemCode":"00020002","itemDescription":"Halal"},{"itemCode":"00020012","itemDescription":"Non-GMO"}],"categoryTrees":[{"level0":"Frozen","level1":"Frozen Chicken & Meat","level2":"Frozen Whole Chicken & Portions"}],"cateredFlag":false,"algoliaAnalytics":{"searchQueryID":"5102f4259d8f85a77ea286d2d8743eed","searchPosition":660},"boughtBefore":false},{"productId":"5030340-EA-000","brand":"Pams","name":"Four Bean Mix In Brine","displayName":"410g","availability":["IN_STORE","ONLINE"],"saleType":"UNITS","restrictedFlag":false,"liquorFlag":false,"tobaccoFlag":false,"originRegulated":false,"singlePrice":{"price":89,"comparativePrice":{"pricePerUnit":217,"unitQuantity":1,"unitQuantityUom":"kg","measureDescription":"1kg"}},"facets":[{"itemCode":"00020013","itemDescription":"Vegan"},{"itemCode":"00020014","itemDescription":"Vegetarian"},{"itemCode":"00020012","itemDescription":"Non-GMO"},{"itemCode":"00020007","itemDescription":"Dairy Free"},{"itemCode":"00020011","itemDescription":"Low Sugar"}],"categoryTrees":[{"level0":"Pantry","level1":"Canned Foods & Packets","level2":"Chickpeas, Lentils & Beans"},{"level0":"Featured","level1":"Pams","level2":"Canned & Prepared Foods"}],"cateredFlag":false,"algoliaAnalytics":{"searchQueryID":"5102f4259d8f85a77ea286d2d8743eed","searchPosition":661},"boughtBefore":false},{"productId":"5028681-EA-000","brand":"Constantia","name":"Garlic Butter","displayName":"110g","availability":["IN_STORE","ONLINE"],"saleType":"UNITS","restrictedFlag":false,"liquorFlag":false,"tobaccoFlag":false,"originRegulated":false,"singlePrice":{"price":349,"comparativePrice":{"pricePerUnit":317,"unitQuantity":100,"unitQuantityUom":"g","measureDescription":"100g"}},"categoryTrees":[{"level0":"Fridge, Deli & Eggs","level1":"Butter & Margarine","level2":"Butter"}],"cateredFlag":false,"algoliaAnalytics":{"searchQueryID":"5102f4259d8f85a77ea286d2d8743eed","searchPosition":662},"boughtBefore":false},{"productId":"5005770-EA-000","brand":"Keri","name":"Apple Fruit Juice","displayName":"1l","availability":["IN_STORE","ONLINE"],"saleType":"UNITS","restrictedFlag":false,"liquorFlag":false,"tobaccoFlag":false,"originRegulated":false,"singlePrice":{"price":249,"comparativePrice":{"pricePerUnit":249,"unitQuantity":1,"unitQuantityUom":"L","measureDescription":"1L"}},"facets":[{"itemCode":"00020012","itemDescription":"Non-GMO"}],"categoryTrees":[{"level0":"Hot & Cold Drinks","level1":"Juice & Smoothies","level2":"Fruit Juice"}],"cateredFlag":false,"algoliaAnalytics":{"searchQueryID":"5102f4259d8f85a77ea286d2d8743eed","searchPosition":663},"boughtBefore":false},{"productId":"5040647-EA-000","brand":"Pams","name":"Cling Wrap Refill 300mm Wide","displayName":"60m","availability":["IN_STORE","ONLINE"],"saleType":"UNITS","restrictedFlag":false,"liquorFlag":false,"tobaccoFlag":false,"originRegulated":false,"singlePrice":{"price":325,"comparativePrice":{"pricePerUnit":5,"unitQuantity":1,"unitQuantityUom":"m","measureDescription":"1m"}},"facets":[{"itemCode":"00020012","itemDescription":"Non-GMO"}],"categoryTrees":[{"level0":"Household & Cleaning","level1":"Food Wrap, Storage & Bags","level2":"Cling Wrap, Baking Paper & Foil"},{"level0":"Featured","level1":"Pams","level2":"Household"}],"cateredFlag":false,"algoliaAnalytics":{"searchQueryID":"5102f4259d8f85a77ea286d2d8743eed","searchPosition":664},"boughtBefore":false},{"productId":"5004917-EA-000","brand":"Pams","name":"Tuna Chunks In Spring Water","displayName":"425g","availability":["IN_STORE","ONLINE"],"saleType":"UNITS","restrictedFlag":false,"liquorFlag":false,"tobaccoFlag":false,"originRegulated":false,"singlePrice":{"price":499,"comparativePrice":{"pricePerUnit":1174,"unitQuantity":1,"unitQuantityUom":"kg","measureDescription":"1kg"}},"facets":[{"itemCode":"00020007","itemDescription":"Dairy Free"},{"itemCode":"00020012","itemDescription":"Non-GMO"}],"categoryTrees":[{"level0":"Pantry","level1":"Canned Foods & Packets","level2":"Canned Tuna"},{"level0":"Featured","level1":"Pams","level2":"Canned & Prepared Foods"}],"cateredFlag":false,"algoliaAnalytics":{"searchQueryID":"5102f4259d8f85a77ea286d2d8743eed","searchPosition":665},"boughtBefore":false},{"productId":"5232466-EA-000","brand":"Dairyworks","name":"Grated Parmesan Cheese","displayName":"200g","availability":["IN_STORE","ONLINE"],"saleType":"UNITS","restrictedFlag":false,"liquorFlag":false,"tobaccoFlag":false,"originRegulated":false,"singlePrice":{"price":699,"comparativePrice":{"pricePerUnit":350,"unitQuantity":100,"unitQuantityUom":"g","measureDescription":"100g"}},"facets":[{"itemCode":"00020004","itemDescription":"Gluten Free"},{"itemCode":"00020012","itemDescription":"Non-GMO"}],"categoryTrees":[{"level0":"Fridge, Deli & Eggs","level1":"Cheese","level2":"Halloumi, Mozzarella & Parmesan"},{"level0":"Fridge, Deli & Eggs","level1":"Cheese","level2":"Grated Cheese"}],"cateredFlag":false,"algoliaAnalytics":{"searchQueryID":"5102f4259d8f85a77ea286d2d8743eed","searchPosition":666},"boughtBefore":false},{"productId":"5001951-EA-000","brand":"Wattie's","name":"Mild Chilli Beans","displayName":"420g","availability":["IN_STORE","ONLINE"],"saleType":"UNITS","restrictedFlag":false,"liquorFlag":false,"tobaccoFlag":false,"originRegulated":false,"singlePrice":{"price":319,"comparativePrice":{"pricePerUnit":76,"unitQuantity":100,"unitQuantityUom":"g","measureDescription":"100g"}},"facets":[{"itemCode":"00020012","itemDescription":"Non-GMO"},{"itemCode":"00020009","itemDescription":"Low Fat"}],"categoryTrees":[{"level0":"Pantry","level1":"Canned Foods & Packets","level2":"Chickpeas, Lentils & Beans"}],"cateredFlag":false,"algoliaAnalytics":{"searchQueryID":"5102f4259d8f85a77ea286d2d8743eed","searchPosition":667},"boughtBefore":false},{"productId":"5002799-EA-000","brand":"Sanitarium Weet-Bix","name":"Breakfast Cereal","displayName":"375g","availability":["IN_STORE","ONLINE"],"saleType":"UNITS","restrictedFlag":false,"liquorFlag":false,"tobaccoFlag":false,"originRegulated":false,"singlePrice":{"price":449,"comparativePrice":{"pricePerUnit":120,"unitQuantity":100,"unitQuantityUom":"g","measureDescription":"100g"}},"facets":[{"itemCode":"00020011","itemDescription":"Low Sugar"},{"itemCode":"00020012","itemDescription":"Non-GMO"}],"categoryTrees":[{"level0":"Pantry","level1":"Breakfast Cereals","level2":"Everyday Cereal"}],"cateredFlag":false,"algoliaAnalytics":{"searchQueryID":"5102f4259d8f85a77ea286d2d8743eed","searchPosition":668},"boughtBefore":false},{"productId":"5006224-EA-000","brand":"Pams","name":"Evaporated Milk","displayName":"380ml","availability":["IN_STORE","ONLINE"],"saleType":"UNITS","restrictedFlag":false,"liquorFlag":false,"tobaccoFlag":false,"originRegulated":false,"singlePrice":{"price":319,"comparativePrice":{"pricePerUnit":84,"unitQuantity":100,"unitQuantityUom":"ml","measureDescription":"100ml"}},"facets":[{"itemCode":"00020012","itemDescription":"Non-GMO"}],"categoryTrees":[{"level0":"Pantry","level1":"Canned Foods & Packets","level2":"Coconut Cream & Milk"},{"level0":"Featured","level1":"Pams","level2":"Canned & Prepared Foods"}],"cateredFlag":false,"algoliaAnalytics":{"searchQueryID":"5102f4259d8f85a77ea286d2d8743eed","searchPosition":669},"boughtBefore":false},{"productId":"5018497-EA-000","brand":"Olivani","name":"Olive Oil Spread","displayName":"1kg","availability":["IN_STORE","ONLINE"],"saleType":"UNITS","restrictedFlag":false,"liquorFlag":false,"tobaccoFlag":false,"originRegulated":false,"singlePrice":{"price":1049,"comparativePrice":{"pricePerUnit":105,"unitQuantity":100,"unitQuantityUom":"g","measureDescription":"100g"}},"facets":[{"itemCode":"00020013","itemDescription":"Vegan"},{"itemCode":"00020012","itemDescription":"Non-GMO"},{"itemCode":"00020014","itemDescription":"Vegetarian"},{"itemCode":"00020007","itemDescription":"Dairy Free"}],"categoryTrees":[{"level0":"Fridge, Deli & Eggs","level1":"Butter & Margarine","level2":"Dairy Free Spreads"}],"cateredFlag":false,"algoliaAnalytics":{"searchQueryID":"5102f4259d8f85a77ea286d2d8743eed","searchPosition":670},"boughtBefore":false},{"productId":"5013283-EA-000","brand":"Fantastic","name":"Barbeque Rice Crackers","displayName":"100g","availability":["IN_STORE","ONLINE"],"saleType":"UNITS","restrictedFlag":false,"liquorFlag":false,"tobaccoFlag":false,"originRegulated":false,"singlePrice":{"price":199,"comparativePrice":{"pricePerUnit":199,"unitQuantity":100,"unitQuantityUom":"g","measureDescription":"100g"}},"categoryTrees":[{"level0":"Pantry","level1":"Biscuits & Crackers","level2":"Rice Crackers"}],"cateredFlag":false,"algoliaAnalytics":{"searchQueryID":"5102f4259d8f85a77ea286d2d8743eed","searchPosition":671},"boughtBefore":false},{"productId":"5025561-EA-000","brand":"Whittaker's","name":"Coconut Block 33% Cocoa Milk Chocolate Block","displayName":"250g","availability":["IN_STORE","ONLINE"],"saleType":"UNITS","restrictedFlag":false,"liquorFlag":false,"tobaccoFlag":false,"originRegulated":false,"singlePrice":{"price":659,"promoId":"130003244","comparativePrice":{"pricePerUnit":264,"unitQuantity":100,"unitQuantityUom":"g","measureDescription":"100g"}},"promotions":[{"promoId":"130003244","rewardValue":659,"decal":"6000","sapType":"BASE","rewardType":"NEW_PRICE","threshold":1,"limit":0,"multiProducts":false,"cardDependencyFlag":false,"bestPromotion":true,"comparativePrice":{"pricePerUnit":264,"unitQuantity":100,"unitQuantityUom":"g","measureDescription":"100g"}}],"facets":[{"itemCode":"00020012","itemDescription":"Non-GMO"}],"categoryTrees":[{"level0":"Snacks, Treats & Easy Meals","level1":"Chocolate, Sweets & Chewing Gum","level2":"Chocolate Blocks"},{"level0":"Pantry","level1":"Chocolate, Sweets & Chewing Gum","level2":"Chocolate Blocks"}],"cateredFlag":false,"algoliaAnalytics":{"searchQueryID":"5102f4259d8f85a77ea286d2d8743eed","searchPosition":672},"boughtBefore":false},{"productId":"5278449-EA-000","brand":"Pams","name":"Crispy Salad","displayName":"300g","availability":["IN_STORE","ONLINE"],"saleType":"UNITS","restrictedFlag":false,"liquorFlag":false,"tobaccoFlag":false,"originRegulated":true,"originStatement":"Product of New Zealand","singlePrice":{"price":599,"comparativePrice":{"pricePerUnit":1997,"unitQuantity":1,"unitQuantityUom":"kg","measureDescription":"1kg"}},"facets":[{"itemCode":"00020012","itemDescription":"Non-GMO"}],"categoryTrees":[{"level0":"Fruit & Vegetables","level1":"Vegetables","level2":"Lettuce, Spinach & Salad Greens"},{"level0":"Fruit & Vegetables","level1":"Fresh Salad & Herbs","level2":"Lettuce, Spinach & Salad Greens"}],"cateredFlag":false,"algoliaAnalytics":{"searchQueryID":"5102f4259d8f85a77ea286d2d8743eed","searchPosition":673},"boughtBefore":false},{"productId":"5035222-EA-000","brand":"Tasti","name":"Dark Choc Cranberry Nut Bar","displayName":"6 x 35g","availability":["IN_STORE","ONLINE"],"saleType":"UNITS","restrictedFlag":false,"liquorFlag":false,"tobaccoFlag":false,"originRegulated":false,"marketingInitiatives":[{"initiativeCode":"AOV"}],"singlePrice":{"price":299,"promoId":"129966209","comparativePrice":{"pricePerUnit":142,"unitQuantity":100,"unitQuantityUom":"g","measureDescription":"100g"}},"promotions":[{"promoId":"129966209","rewardValue":299,"decal":"6000","sapType":"BASE","rewardType":"NEW_PRICE","threshold":1,"limit":0,"multiProducts":false,"cardDependencyFlag":false,"bestPromotion":true,"comparativePrice":{"pricePerUnit":142,"unitQuantity":100,"unitQuantityUom":"g","measureDescription":"100g"}}],"categoryTrees":[{"level0":"Snacks, Treats & Easy Meals","level1":"Chips, Nuts & Snacks","level2":"Muesli & Snack Bars"},{"level0":"Pantry","level1":"Chips, Nuts & Snacks","level2":"Muesli & Snack Bars"},{"level0":"Snacks, Treats & Easy Meals","level1":"Lunchbox Snacks","level2":"Muesli & Snack Bars"},{"level0":"Featured","level1":"Back to School","level2":"Lunchbox Snacks","webContent":{"badgeSmallUrl":"","badgeMediumUrl":"","badgeLargeUrl":"","title":"","subTitle":"","campaignUrl":""},"appContent":{"badgeSmallUrl":"","badgeMediumUrl":"","badgeLargeUrl":"","title":"","subTitle":"","campaignUrl":""}}],"cateredFlag":false,"algoliaAnalytics":{"searchQueryID":"5102f4259d8f85a77ea286d2d8743eed","searchPosition":674},"boughtBefore":false},{"productId":"5002651-EA-000","brand":"Country Soft","name":"Original Dairy Blend Spread","displayName":"1kg","availability":["IN_STORE","ONLINE"],"saleType":"UNITS","restrictedFlag":false,"liquorFlag":false,"tobaccoFlag":false,"originRegulated":false,"singlePrice":{"price":819,"comparativePrice":{"pricePerUnit":82,"unitQuantity":100,"unitQuantityUom":"g","measureDescription":"100g"}},"facets":[{"itemCode":"00020012","itemDescription":"Non-GMO"}],"categoryTrees":[{"level0":"Fridge, Deli & Eggs","level1":"Butter & Margarine","level2":"Margarine & Spreads"}],"cateredFlag":false,"algoliaAnalytics":{"searchQueryID":"5102f4259d8f85a77ea286d2d8743eed","searchPosition":675},"boughtBefore":false},{"productId":"5241623-EA-000","brand":"Manuka Doctor","name":"Multifloral Honey 40+ MGO","displayName":"500g","availability":["IN_STORE","ONLINE"],"saleType":"UNITS","restrictedFlag":false,"liquorFlag":false,"tobaccoFlag":false,"originRegulated":false,"singlePrice":{"price":939,"comparativePrice":{"pricePerUnit":188,"unitQuantity":100,"unitQuantityUom":"g","measureDescription":"100g"}},"categoryTrees":[{"level0":"Pantry","level1":"Jams, Honey & Spreads","level2":"Honey"}],"cateredFlag":false,"algoliaAnalytics":{"searchQueryID":"5102f4259d8f85a77ea286d2d8743eed","searchPosition":676},"boughtBefore":false},{"productId":"5009660-EA-000","brand":"Whittaker's","name":"Berry And Biscuit 33% Cocoa Milk Chocolate Block","displayName":"250g","availability":["IN_STORE","ONLINE"],"saleType":"UNITS","restrictedFlag":false,"liquorFlag":false,"tobaccoFlag":false,"originRegulated":false,"singlePrice":{"price":659,"promoId":"130003244","comparativePrice":{"pricePerUnit":264,"unitQuantity":100,"unitQuantityUom":"g","measureDescription":"100g"}},"promotions":[{"promoId":"130003244","rewardValue":659,"decal":"6000","sapType":"BASE","rewardType":"NEW_PRICE","threshold":1,"limit":0,"multiProducts":false,"cardDependencyFlag":false,"bestPromotion":true,"comparativePrice":{"pricePerUnit":264,"unitQuantity":100,"unitQuantityUom":"g","measureDescription":"100g"}}],"facets":[{"itemCode":"00020012","itemDescription":"Non-GMO"}],"categoryTrees":[{"level0":"Snacks, Treats & Easy Meals","level1":"Chocolate, Sweets & Chewing Gum","level2":"Chocolate Blocks"},{"level0":"Pantry","level1":"Chocolate, Sweets & Chewing Gum","level2":"Chocolate Blocks"}],"cateredFlag":false,"algoliaAnalytics":{"searchQueryID":"5102f4259d8f85a77ea286d2d8743eed","searchPosition":677},"boughtBefore":false},{"productId":"5002842-EA-000","brand":"Mainland","name":"Salted Butter","displayName":"500g","availability":["IN_STORE","ONLINE"],"saleType":"UNITS","restrictedFlag":false,"liquorFlag":false,"tobaccoFlag":false,"originRegulated":false,"singlePrice":{"price":929,"comparativePrice":{"pricePerUnit":186,"unitQuantity":100,"unitQuantityUom":"g","measureDescription":"100g"}},"facets":[{"itemCode":"00020012","itemDescription":"Non-GMO"}],"categoryTrees":[{"level0":"Fridge, Deli & Eggs","level1":"Butter & Margarine","level2":"Butter"},{"level0":"Featured","level1":"Back to School","level2":"Back to School Lunches","webContent":{"badgeSmallUrl":"","badgeMediumUrl":"","badgeLargeUrl":"","title":"","subTitle":"","campaignUrl":""},"appContent":{"badgeSmallUrl":"","badgeMediumUrl":"","badgeLargeUrl":"","title":"","subTitle":"","campaignUrl":""}}],"cateredFlag":false,"algoliaAnalytics":{"searchQueryID":"5102f4259d8f85a77ea286d2d8743eed","searchPosition":678},"boughtBefore":false},{"productId":"5011408-EA-000","brand":"Heartland","name":"Chicken Old Fashioned Wave Cut Potato Chips","displayName":"150g","availability":["IN_STORE","ONLINE"],"saleType":"UNITS","restrictedFlag":false,"liquorFlag":false,"tobaccoFlag":false,"originRegulated":false,"singlePrice":{"price":269,"comparativePrice":{"pricePerUnit":179,"unitQuantity":100,"unitQuantityUom":"g","measureDescription":"100g"}},"facets":[{"itemCode":"00020004","itemDescription":"Gluten Free"}],"categoryTrees":[{"level0":"Snacks, Treats & Easy Meals","level1":"Chips, Nuts & Snacks","level2":"Chips"},{"level0":"Pantry","level1":"Chips, Nuts & Snacks","level2":"Chips"}],"cateredFlag":false,"algoliaAnalytics":{"searchQueryID":"5102f4259d8f85a77ea286d2d8743eed","searchPosition":679},"boughtBefore":false},{"productId":"5019615-EA-000","brand":"Pams","name":"Tomato & Garlic Pasta Sauce","displayName":"420g","availability":["IN_STORE","ONLINE"],"saleType":"UNITS","restrictedFlag":false,"liquorFlag":false,"tobaccoFlag":false,"originRegulated":false,"singlePrice":{"price":229,"comparativePrice":{"pricePerUnit":55,"unitQuantity":100,"unitQuantityUom":"g","measureDescription":"100g"}},"facets":[{"itemCode":"00020012","itemDescription":"Non-GMO"}],"categoryTrees":[{"level0":"Pantry","level1":"Cooking Sauces, Stocks & Marinades","level2":"Pasta & Pizza Sauce"}],"cateredFlag":false,"algoliaAnalytics":{"searchQueryID":"5102f4259d8f85a77ea286d2d8743eed","searchPosition":680},"boughtBefore":false},{"productId":"5245226-EA-000","brand":"Wilcox","name":"Beta Bites Snacking Carrots","displayName":"250g","availability":["IN_STORE","ONLINE"],"saleType":"UNITS","restrictedFlag":false,"liquorFlag":false,"tobaccoFlag":false,"originRegulated":true,"originStatement":"Product of New Zealand","singlePrice":{"price":349,"comparativePrice":{"pricePerUnit":1396,"unitQuantity":1,"unitQuantityUom":"kg","measureDescription":"1kg"}},"facets":[{"itemCode":"00020012","itemDescription":"Non-GMO"}],"categoryTrees":[{"level0":"Fruit & Vegetables","level1":"Vegetables","level2":"Carrots & Root Vegetables"},{"level0":"Fruit & Vegetables","level1":"Vegetables","level2":"Cut & Prepared Vegetables"},{"level0":"Featured","level1":"Back to School","level2":"Lunchbox Snacks","webContent":{"badgeSmallUrl":"","badgeMediumUrl":"","badgeLargeUrl":"","title":"","subTitle":"","campaignUrl":""},"appContent":{"badgeSmallUrl":"","badgeMediumUrl":"","badgeLargeUrl":"","title":"","subTitle":"","campaignUrl":""}}],"cateredFlag":false,"algoliaAnalytics":{"searchQueryID":"5102f4259d8f85a77ea286d2d8743eed","searchPosition":681},"boughtBefore":false},{"productId":"5086561-EA-000","brand":"The Collective","name":"Epic Greek Unsweetened Probiotic Yoghurt","displayName":"900g","availability":["IN_STORE","ONLINE"],"saleType":"UNITS","restrictedFlag":false,"liquorFlag":false,"tobaccoFlag":false,"originRegulated":false,"singlePrice":{"price":649,"promoId":"129964005","comparativePrice":{"pricePerUnit":72,"unitQuantity":100,"unitQuantityUom":"g","measureDescription":"100g"}},"promotions":[{"promoId":"129964005","rewardValue":649,"decal":"6000","sapType":"BASE","rewardType":"NEW_PRICE","threshold":1,"limit":0,"multiProducts":false,"cardDependencyFlag":false,"bestPromotion":true,"comparativePrice":{"pricePerUnit":72,"unitQuantity":100,"unitQuantityUom":"g","measureDescription":"100g"}}],"facets":[{"itemCode":"00020014","itemDescription":"Vegetarian"},{"itemCode":"00020004","itemDescription":"Gluten Free"}],"categoryTrees":[{"level0":"Fridge, Deli & Eggs","level1":"Yoghurt","level2":"Greek & Natural Yoghurt"},{"level0":"Fridge, Deli & Eggs","level1":"Yoghurt","level2":"Large Yoghurt Tubs"}],"cateredFlag":false,"algoliaAnalytics":{"searchQueryID":"5102f4259d8f85a77ea286d2d8743eed","searchPosition":682},"boughtBefore":false},{"productId":"5014303-EA-000","brand":"Leanne's Kitchen","name":"Chicken and Vegetable Dumplings","displayName":"250g","availability":["IN_STORE","ONLINE"],"saleType":"UNITS","restrictedFlag":false,"liquorFlag":false,"tobaccoFlag":false,"originRegulated":false,"singlePrice":{"price":349,"comparativePrice":{"pricePerUnit":140,"unitQuantity":100,"unitQuantityUom":"g","measureDescription":"100g"}},"categoryTrees":[{"level0":"Frozen","level1":"Frozen Dumplings, Pies & Snacks","level2":"Frozen Dumplings & Asian Snacks"}],"cateredFlag":false,"algoliaAnalytics":{"searchQueryID":"5102f4259d8f85a77ea286d2d8743eed","searchPosition":683},"boughtBefore":false},{"productId":"5009640-EA-000","brand":"Cuddly","name":"Sunshine Fresh Fabric Conditioner","displayName":"1l","availability":["IN_STORE","ONLINE"],"saleType":"UNITS","restrictedFlag":false,"liquorFlag":false,"tobaccoFlag":false,"originRegulated":false,"singlePrice":{"price":449,"promoId":"129993829","comparativePrice":{"pricePerUnit":45,"unitQuantity":100,"unitQuantityUom":"ml","measureDescription":"100ml"}},"promotions":[{"promoId":"129993829","rewardValue":449,"decal":"6000","sapType":"BASE","rewardType":"NEW_PRICE","threshold":1,"limit":0,"multiProducts":false,"cardDependencyFlag":false,"bestPromotion":true,"comparativePrice":{"pricePerUnit":45,"unitQuantity":100,"unitQuantityUom":"ml","measureDescription":"100ml"}}],"categoryTrees":[{"level0":"Household & Cleaning","level1":"Laundry","level2":"Fabric Softeners & Freshener"}],"cateredFlag":false,"algoliaAnalytics":{"searchQueryID":"5102f4259d8f85a77ea286d2d8743eed","searchPosition":684},"boughtBefore":false},{"productId":"5040923-EA-000","brand":"Pams","name":"Resealable Large Storage Bags 250 x 350mm","displayName":"15pk","availability":["IN_STORE","ONLINE"],"saleType":"UNITS","restrictedFlag":false,"liquorFlag":false,"tobaccoFlag":false,"originRegulated":false,"singlePrice":{"price":249,"comparativePrice":{"pricePerUnit":17,"unitQuantity":1,"unitQuantityUom":"ea","measureDescription":"ea"}},"facets":[{"itemCode":"00020012","itemDescription":"Non-GMO"}],"categoryTrees":[{"level0":"Household & Cleaning","level1":"Food Wrap, Storage & Bags","level2":"Sandwich, Snack & Storage Bags"},{"level0":"Featured","level1":"Pams","level2":"Household"}],"cateredFlag":false,"algoliaAnalytics":{"searchQueryID":"5102f4259d8f85a77ea286d2d8743eed","searchPosition":685},"boughtBefore":false},{"productId":"5042002-EA-000","brand":"Pams","name":"Resealable Small Storage Bags 150 x 90mm","displayName":"60pk","availability":["IN_STORE","ONLINE"],"saleType":"UNITS","restrictedFlag":false,"liquorFlag":false,"tobaccoFlag":false,"originRegulated":false,"singlePrice":{"price":379,"comparativePrice":{"pricePerUnit":632,"unitQuantity":100,"unitQuantityUom":" ","measureDescription":"100"}},"facets":[{"itemCode":"00020012","itemDescription":"Non-GMO"}],"categoryTrees":[{"level0":"Household & Cleaning","level1":"Food Wrap, Storage & Bags","level2":"Sandwich, Snack & Storage Bags"},{"level0":"Featured","level1":"Pams","level2":"Household"}],"cateredFlag":false,"algoliaAnalytics":{"searchQueryID":"5102f4259d8f85a77ea286d2d8743eed","searchPosition":686},"boughtBefore":false},{"productId":"5001902-EA-000","brand":"Fanta","name":"Orange Soft Drink","displayName":"2.25l","availability":["IN_STORE","ONLINE"],"saleType":"UNITS","restrictedFlag":false,"liquorFlag":false,"tobaccoFlag":false,"originRegulated":false,"singlePrice":{"price":349,"comparativePrice":{"pricePerUnit":155,"unitQuantity":1,"unitQuantityUom":"L","measureDescription":"1L"}},"facets":[{"itemCode":"00020012","itemDescription":"Non-GMO"}],"categoryTrees":[{"level0":"Hot & Cold Drinks","level1":"Soft Drinks & Mixers","level2":"Other Soft Drinks"}],"cateredFlag":false,"algoliaAnalytics":{"searchQueryID":"5102f4259d8f85a77ea286d2d8743eed","searchPosition":687},"boughtBefore":false},{"productId":"5269954-EA-000","brand":"Sorbent","name":"Luxury Sensitive 4 Ply Facial Tissues","displayName":"80pk","availability":["IN_STORE","ONLINE"],"saleType":"UNITS","restrictedFlag":false,"liquorFlag":false,"tobaccoFlag":false,"originRegulated":false,"singlePrice":{"price":319,"comparativePrice":{"pricePerUnit":399,"unitQuantity":100,"unitQuantityUom":" ","measureDescription":"100"}},"categoryTrees":[{"level0":"Health & Body","level1":"Tissues & Cotton Wool","level2":"Tissues"},{"level0":"Household & Cleaning","level1":"Toilet Paper, Tissues & Paper Towels","level2":"Tissues"}],"cateredFlag":false,"algoliaAnalytics":{"searchQueryID":"5102f4259d8f85a77ea286d2d8743eed","searchPosition":688},"boughtBefore":false},{"productId":"5031616-EA-000","brand":"Much Moore","name":"Marvels French Vanilla Frozen Dessert","displayName":"2l","availability":["IN_STORE","ONLINE"],"saleType":"UNITS","restrictedFlag":false,"liquorFlag":false,"tobaccoFlag":false,"originRegulated":false,"marketingInitiatives":[{"initiativeCode":"AOV"}],"singlePrice":{"price":469,"promoId":"129964310","comparativePrice":{"pricePerUnit":23,"unitQuantity":100,"unitQuantityUom":"ml","measureDescription":"100ml"}},"promotions":[{"promoId":"129964310","rewardValue":469,"decal":"6000","sapType":"BASE","rewardType":"NEW_PRICE","threshold":1,"limit":0,"multiProducts":false,"cardDependencyFlag":false,"bestPromotion":true,"comparativePrice":{"pricePerUnit":23,"unitQuantity":100,"unitQuantityUom":"ml","measureDescription":"100ml"}}],"facets":[{"itemCode":"00020012","itemDescription":"Non-GMO"}],"categoryTrees":[{"level0":"Frozen","level1":"Ice Cream & Sorbet","level2":"Ice Cream Tubs"}],"cateredFlag":false,"algoliaAnalytics":{"searchQueryID":"5102f4259d8f85a77ea286d2d8743eed","searchPosition":689},"boughtBefore":false},{"productId":"5019851-EA-000","brand":"Beehive","name":"Sweet & Smokey Streaky Bacon","displayName":"250g","availability":["IN_STORE","ONLINE"],"saleType":"UNITS","restrictedFlag":false,"liquorFlag":false,"tobaccoFlag":false,"originRegulated":true,"originStatement":"Made in New Zealand using pork from pigs raised in one or more of the countries: Australia, Belgium, Denmark, Finland, France, Germany, Ireland, Netherlands, Poland, UK, Spain, Sweden, Canada, USA.","singlePrice":{"price":500,"promoId":"129998624","comparativePrice":{"pricePerUnit":2000,"unitQuantity":1,"unitQuantityUom":"kg","measureDescription":"1kg"}},"promotions":[{"promoId":"129998624","rewardValue":500,"decal":"6000","sapType":"BASE","rewardType":"NEW_PRICE","threshold":1,"limit":0,"multiProducts":false,"cardDependencyFlag":false,"bestPromotion":true,"comparativePrice":{"pricePerUnit":2000,"unitQuantity":1,"unitQuantityUom":"kg","measureDescription":"1kg"}}],"facets":[{"itemCode":"00020004","itemDescription":"Gluten Free"}],"categoryTrees":[{"level0":"Fridge, Deli & Eggs","level1":"Deli Meats & Smoked Fish","level2":"Bacon"},{"level0":"Meat, Poultry & Seafood","level1":"Deli Meats","level2":"Bacon"},{"level0":"$5 Week 1","level1":"$5 Week 1","level2":"Deals","webContent":{"badgeSmallUrl":"","badgeMediumUrl":"","badgeLargeUrl":"","title":"","subTitle":"","campaignUrl":""},"appContent":{"badgeSmallUrl":"","badgeMediumUrl":"","badgeLargeUrl":"","title":"","subTitle":"","campaignUrl":""}}],"cateredFlag":false,"algoliaAnalytics":{"searchQueryID":"5102f4259d8f85a77ea286d2d8743eed","searchPosition":690},"boughtBefore":false},{"productId":"5027112-EA-000","brand":"Meadow Fresh","name":"Chives Cottage Cheese","displayName":"250g","availability":["IN_STORE","ONLINE"],"saleType":"UNITS","restrictedFlag":false,"liquorFlag":false,"tobaccoFlag":false,"originRegulated":false,"singlePrice":{"price":399,"comparativePrice":{"pricePerUnit":160,"unitQuantity":100,"unitQuantityUom":"g","measureDescription":"100g"}},"facets":[{"itemCode":"00020004","itemDescription":"Gluten Free"},{"itemCode":"00020014","itemDescription":"Vegetarian"},{"itemCode":"00020012","itemDescription":"Non-GMO"}],"categoryTrees":[{"level0":"Fridge, Deli & Eggs","level1":"Cheese","level2":"Cream Cheese & Cottage Cheese"}],"cateredFlag":false,"algoliaAnalytics":{"searchQueryID":"5102f4259d8f85a77ea286d2d8743eed","searchPosition":691},"boughtBefore":false},{"productId":"5027952-EA-000","brand":"Tip Top","name":"French Vanilla Ice Cream","displayName":"2l","availability":["IN_STORE","ONLINE"],"saleType":"UNITS","restrictedFlag":false,"liquorFlag":false,"tobaccoFlag":false,"originRegulated":false,"singlePrice":{"price":519,"comparativePrice":{"pricePerUnit":26,"unitQuantity":100,"unitQuantityUom":"ml","measureDescription":"100ml"}},"facets":[{"itemCode":"00020012","itemDescription":"Non-GMO"}],"categoryTrees":[{"level0":"Frozen","level1":"Ice Cream & Sorbet","level2":"Ice Cream Tubs"}],"cateredFlag":false,"algoliaAnalytics":{"searchQueryID":"5102f4259d8f85a77ea286d2d8743eed","searchPosition":692},"boughtBefore":false},{"productId":"5001550-EA-000","brand":"Fanta","name":"Orange Soft Drink","displayName":"1.5l","availability":["IN_STORE","ONLINE"],"saleType":"UNITS","restrictedFlag":false,"liquorFlag":false,"tobaccoFlag":false,"originRegulated":false,"singlePrice":{"price":299,"comparativePrice":{"pricePerUnit":199,"unitQuantity":1,"unitQuantityUom":"L","measureDescription":"1L"}},"categoryTrees":[{"level0":"Hot & Cold Drinks","level1":"Soft Drinks & Mixers","level2":"Other Soft Drinks"}],"cateredFlag":false,"algoliaAnalytics":{"searchQueryID":"5102f4259d8f85a77ea286d2d8743eed","searchPosition":693},"boughtBefore":false},{"productId":"5029567-EA-000","brand":"Bouton d'or","name":"Basil Pesto Feta Cheese","displayName":"150g","availability":["IN_STORE","ONLINE"],"saleType":"UNITS","restrictedFlag":false,"liquorFlag":false,"tobaccoFlag":false,"originRegulated":false,"singlePrice":{"price":569,"comparativePrice":{"pricePerUnit":379,"unitQuantity":100,"unitQuantityUom":"g","measureDescription":"100g"}},"facets":[{"itemCode":"00020012","itemDescription":"Non-GMO"},{"itemCode":"00020004","itemDescription":"Gluten Free"}],"categoryTrees":[{"level0":"Fridge, Deli & Eggs","level1":"Cheese","level2":"Feta & Goats Cheese"}],"cateredFlag":false,"algoliaAnalytics":{"searchQueryID":"5102f4259d8f85a77ea286d2d8743eed","searchPosition":694},"boughtBefore":false},{"productId":"5009408-EA-000","brand":"Tongariro","name":"Natural Spring","displayName":"15l","availability":["IN_STORE","ONLINE"],"saleType":"UNITS","restrictedFlag":false,"liquorFlag":false,"tobaccoFlag":false,"originRegulated":false,"singlePrice":{"price":999,"promoId":"129967072","comparativePrice":{"pricePerUnit":67,"unitQuantity":1,"unitQuantityUom":"L","measureDescription":"1L"}},"promotions":[{"promoId":"129967072","rewardValue":999,"decal":"6000","sapType":"BASE","rewardType":"NEW_PRICE","threshold":1,"limit":0,"multiProducts":false,"cardDependencyFlag":false,"bestPromotion":true,"comparativePrice":{"pricePerUnit":67,"unitQuantity":1,"unitQuantityUom":"L","measureDescription":"1L"}}],"categoryTrees":[{"level0":"Hot & Cold Drinks","level1":"Water","level2":"Still Water"}],"cateredFlag":false,"algoliaAnalytics":{"searchQueryID":"5102f4259d8f85a77ea286d2d8743eed","searchPosition":695},"boughtBefore":false},{"productId":"5092714-EA-000","brand":"Pams Value","name":"Peach Slices In Syrup","displayName":"410g","availability":["IN_STORE","ONLINE"],"saleType":"UNITS","restrictedFlag":false,"liquorFlag":false,"tobaccoFlag":false,"originRegulated":false,"singlePrice":{"price":159,"comparativePrice":{"pricePerUnit":388,"unitQuantity":1,"unitQuantityUom":"kg","measureDescription":"1kg"}},"facets":[{"itemCode":"00020007","itemDescription":"Dairy Free"},{"itemCode":"00020012","itemDescription":"Non-GMO"}],"categoryTrees":[{"level0":"Pantry","level1":"Canned Foods & Packets","level2":"Canned Fruit"}],"cateredFlag":false,"algoliaAnalytics":{"searchQueryID":"5102f4259d8f85a77ea286d2d8743eed","searchPosition":696},"boughtBefore":false},{"productId":"5000520-EA-000","brand":"Anchor","name":"Trim Milk","displayName":"1l","availability":["IN_STORE","ONLINE"],"saleType":"UNITS","restrictedFlag":false,"liquorFlag":false,"tobaccoFlag":false,"originRegulated":false,"singlePrice":{"price":331,"comparativePrice":{"pricePerUnit":331,"unitQuantity":1,"unitQuantityUom":"L","measureDescription":"1L"}},"facets":[{"itemCode":"00020012","itemDescription":"Non-GMO"},{"itemCode":"00020009","itemDescription":"Low Fat"}],"categoryTrees":[{"level0":"Fridge, Deli & Eggs","level1":"Milk","level2":"Fresh Milk"}],"cateredFlag":false,"algoliaAnalytics":{"searchQueryID":"5102f4259d8f85a77ea286d2d8743eed","searchPosition":697},"boughtBefore":false},{"productId":"5009654-EA-000","brand":"Whittaker's","name":"Dark Almond 62% Cocoa Dark Chocolate Block","displayName":"250g","availability":["IN_STORE","ONLINE"],"saleType":"UNITS","restrictedFlag":false,"liquorFlag":false,"tobaccoFlag":false,"originRegulated":false,"singlePrice":{"price":659,"promoId":"130003244","comparativePrice":{"pricePerUnit":264,"unitQuantity":100,"unitQuantityUom":"g","measureDescription":"100g"}},"promotions":[{"promoId":"130003244","rewardValue":659,"decal":"6000","sapType":"BASE","rewardType":"NEW_PRICE","threshold":1,"limit":0,"multiProducts":false,"cardDependencyFlag":false,"bestPromotion":true,"comparativePrice":{"pricePerUnit":264,"unitQuantity":100,"unitQuantityUom":"g","measureDescription":"100g"}}],"facets":[{"itemCode":"00020012","itemDescription":"Non-GMO"}],"categoryTrees":[{"level0":"Snacks, Treats & Easy Meals","level1":"Chocolate, Sweets & Chewing Gum","level2":"Chocolate Blocks"},{"level0":"Pantry","level1":"Chocolate, Sweets & Chewing Gum","level2":"Chocolate Blocks"}],"cateredFlag":false,"algoliaAnalytics":{"searchQueryID":"5102f4259d8f85a77ea286d2d8743eed","searchPosition":698},"boughtBefore":false},{"productId":"5018134-EA-000","brand":"Maggi","name":"Roast Meat Flavoured Gravy Mix","displayName":"3pk","availability":["IN_STORE","ONLINE"],"saleType":"UNITS","restrictedFlag":false,"liquorFlag":false,"tobaccoFlag":false,"originRegulated":false,"singlePrice":{"price":269,"comparativePrice":{"pricePerUnit":33,"unitQuantity":10,"unitQuantityUom":"g","measureDescription":"10g"}},"categoryTrees":[{"level0":"Pantry","level1":"Cooking Sauces, Stocks & Marinades","level2":"Gravy"}],"cateredFlag":false,"algoliaAnalytics":{"searchQueryID":"5102f4259d8f85a77ea286d2d8743eed","searchPosition":699},"boughtBefore":false},{"productId":"5092684-EA-000","brand":"Pams Value","name":"Peanut Brownie Cookies","displayName":"325g","availability":["IN_STORE","ONLINE"],"saleType":"UNITS","restrictedFlag":false,"liquorFlag":false,"tobaccoFlag":false,"originRegulated":false,"singlePrice":{"price":219,"comparativePrice":{"pricePerUnit":67,"unitQuantity":100,"unitQuantityUom":"g","measureDescription":"100g"}},"facets":[{"itemCode":"00020012","itemDescription":"Non-GMO"}],"categoryTrees":[{"level0":"Pantry","level1":"Biscuits & Crackers","level2":"Chocolate Biscuits & Cookies"}],"cateredFlag":false,"algoliaAnalytics":{"searchQueryID":"5102f4259d8f85a77ea286d2d8743eed","searchPosition":700},"boughtBefore":false}],"algoliaSearchResult":{"facets":{"brand":{"Pams":809,"Wattie's":155,"Mrs Rogers":111,"Colgate":90,"Anchor":81,"Korbond":81,"Healtheries":80,"Tip Top":72,"Hellers":64,"VitaPet":63,"Gregg's":60,"Value":60,"Ceres Organics":56,"Continental":52,"Dettol":52,"Tasti":52,"Mainland":51,"Griffin's":50,"Maggi":50,"Pams Value":50,"Nivea":49,"Red Seal":49,"Dove":48,"Barker's":47,"Meadow Fresh":47,"Musashi":46,"Huggies":44,"Nestle":43,"Nescafe":41,"Palmolive":40,"McCain":39,"Bic":38,"Masterfoods":37,"Mother Earth":36,"Cadbury":35,"Delmaine":34,"Kellogg's":34,"Heinz":33,"Sealord":33,"Graze":31,"Lewis Road Creamery":31,"Sistema":31,"Whittaker's":31,"Chux":30,"Edmonds":30,"Jed's Coffee Co.":30,"The Collective":30,"Pams Finest":29,"Avalanche":28,"Bundaberg":28,"Energizer":28,"Whiskas":28,"Big Black Sacks":27,"Bluebird":27,"Glow Lab":27,"Kapiti":27,"Palmolive Naturals":27,"Arnott's":26,"Diamond":26,"Fresh To Go":26,"Hubbards":26,"Lindt":26,"Schweppes":26,"Farrah's":25,"Moccona":25,"Old El Paso":25,"Persil":25,"Philips":25,"Best":24,"Chef":24,"Fresh 'n Fruity":24,"Schick":24,"Tegel":24,"Eta":23,"Purina Fancy Feast":23,"Surv":23,"Dairyworks":22,"Dine":22,"Ecostore":22,"Harpic":22,"North Head":22,"San Remo":22,"Head & Shoulders":21,"John West":21,"Lee Kum Kee":21,"Rascals":21,"V":21,"Verkerks":21,"Chelsea":20,"Jacob's Creek":20,"Leggo's":20,"Only Organic":20,"Sanitarium Up & Go":20,"U By Kotex":20,"Campbell's":19,"Eveready":19,"Magnum":19,"Nivea Men":19,"Poise":19,"Schwarzkopf Extra Care":19},"tobacco":{"false":9994},"category1NI":{"Chips, Nuts & Snacks":445,"Canned Foods & Packets":347,"Pams":344,"Biscuits & Crackers":304,"Back to School":290,"Chocolate, Sweets & Chewing Gum":288,"Cooking Sauces, Stocks & Marinades":274,"Hair Care":265,"Stationery & Entertainment":257,"Cheese":238,"Lunchbox Snacks":235,"Spices, Seasoning & Coatings":234,"Baking Supplies & Sugar":231,"Coffee":226,"Table Sauces, Dressings & Condiments":225,"Pasta, Rice & Noodles":224,"Cat":213,"Ice Cream & Sorbet":204,"Yoghurt":202,"Cleaning & Accessories":199,"Easy Meals & Meal Kits":176,"Deli Meats & Smoked Fish":169,"Homewares":165,"Food Wrap, Storage & Bags":163,"Dental & Oral Care":159,"Bath, Shower & Soap":157,"Red Wine":156,"Dog":151,"Soft Drinks & Mixers":148,"Breakfast Cereals":146,"Skin Care & Sun Care":143,"Deli Meats":137,"Laundry":134,"White Wine":130,"Medical & First Aid":125,"$5 Week 1":117,"Juice & Smoothies":111,"Period & Continence Care":111,"World Foods":111,"Vegetables":107,"Dips, Hummus & Antipasti":103,"Vitamins & Supplements":101,"Milk":98,"Deodorant & Body Sprays":97,"Ready to Eat":95,"Batteries & Electrical":93,"Jams, Honey & Spreads":93,"Beer":92,"Tea":91,"Sports & Energy Drinks":90,"Bulk Foods":86,"Desserts":86,"Nappies & Changing":83,"Chilled Soups & Ready Meals":80,"Frozen Chicken & Meat":76,"Garage & Outdoor":76,"Baby & Toddler Food":74,"Sliced & Packaged Bread":72,"Kitchen Cleaners":71,"Cakes, Muffins & Desserts":67,"Hot Chocolate & Milk Drinks":67,"Shaving & Hair Removal":65,"Frozen Fish & Seafood":64,"Bathroom & Toilet Cleaners":61,"Fresh Salad & Herbs":61,"Sports Nutrition & Weight Management":60,"Frozen Vegetables":57,"In-Store Bakery":57,"Oil & Vinegar":56,"Frozen Dumplings, Pies & Snacks":53,"Dishwashing":52,"Frozen Pizza & Ready Meals":52,"Wraps, Pita & Flat Bread":50,"Butter & Margarine":48,"Frozen Fruit & Desserts":46,"Pest & Insect Control":46,"Syrups, Cordials & Powdered Drinks":46,"Long Life & Dairy Free Milk":45,"Chilled Pasta, Pizza & Garlic Bread":43,"Baby & Toddler Toiletries":41,"Toilet Paper, Tissues & Paper Towels":40,"Mince, Sausages & Meatballs":39,"Rose Wine":39,"Seafood":39,"Champagne & Sparkling Wine":38,"Baby Formula":37,"Frozen Chips & Hash Browns":36,"Fruit":36,"Bagels, Crumpets & Pancakes":35,"Cream, Custard & Desserts":34,"Craft Beer":31,"Water":31,"Chicken & Poultry":30,"Kombucha & Functional Drinks":29,"Clothing & Accessories":28,"Nursing & Feeding":28,"Alcohol Free Drinks":27,"Burger Buns, Rolls & Garlic Bread":26,"Cider":24,"Frozen Pastry & Bread":23},"onPromotion":{"61dd754e-8525-4b9e-9e08-173389eea8a8":2714,"c3f9e1a3-fc34-452d-af2e-95349e666ba4":2702,"715f0e22-95e0-45ce-af3a-07057209976e":2698,"4a279605-eaa8-470d-bcd4-0a9e3c9ab43b":2685,"5cf0392f-c187-4fc4-a463-eb269d2e8f45":2660,"90082979-fb9f-4305-9c72-83274fc438cc":2656,"b29a98bd-749c-489c-9eef-6aa38e66a29b":2631,"2ed73be8-936d-4f35-9398-75a707f40a7b":2560,"dbca5e00-f7f9-43ae-91de-031ad16f8a92":2548,"be4c4780-218e-425a-a90f-63e21773572b":2538,"8cd700ae-d96f-4761-bd7a-805d6b93536d":2460,"d8032da3-c1b9-456e-b626-41ce21f8c67b":2401,"3c5e3145-0767-4066-9349-6c0a1313acc5":2383,"bdc5ef4a-c6a7-4f8a-b8cb-28109e6d61c3":2266,"2a1b331a-fc4a-496a-b072-e97cc8f70cae":2066,"d6d39eea-889d-4e20-923c-55cab225cf7f":2060,"c2204dae-579e-4b6b-9d42-2e13ceaa6031":2057,"65defcf2-bc15-490e-a84f-1f13b769cd22":2047,"8f0d70be-5cb7-464b-99cb-8b0130671895":2024,"b92cc33f-b5a8-4b57-9b82-412946800020":1977,"3404c253-577f-45ca-b301-c98312e46efb":1965,"c0f80e87-16be-4488-9553-da437e8c6c2a":1954,"6e6809dd-01bc-45c9-aab1-f01ccd8338b0":1952,"3bfe040b-f0c9-45e0-949b-b9ad5a591d55":1940,"92086ded-a55d-4241-a364-7d7ea91531b4":1937,"48dd98cc-a757-4102-b15d-ea82b4b10571":1931,"49037947-e450-49bf-ba1f-a94551c79a72":1915,"21ecaaed-0749-4492-985e-4bb7ba43d59c":1903,"3bb30799-82ce-4648-8c02-5113228963ed":1895,"01a114de-149c-4f5f-80a1-90cc63f69c6e":1886,"c180a72d-5dbe-4403-b7c7-91655e505492":1877,"714431ab-6e39-4df6-ac77-cfc5c1e25bc8":1864,"e1925ea7-01bc-4358-ae7c-c6502da5ab12":1860,"64eab5b1-8d79-45f4-94f1-02b8cf8b6202":1857,"1c388d5e-29ac-4956-b476-cb3431353d2e":1852,"5f167936-79ae-4f6a-b9d2-74afe1bb096b":1845,"d1cd1fdd-8767-46a6-a8d3-c3e0632c2dc8":1845,"b2e98a14-c8ca-401e-99ed-edf74570c6f6":1838,"af385423-d0f1-41f0-9482-ffd10b745143":1829,"6cda96e1-7d29-44a6-956b-3fcfdecc8184":1820,"529d66cc-60e3-432e-b8d1-efc9f2ec4919":1815,"4fcc1c8e-cc5e-4675-ba25-5e56b579cf69":1800,"7d48a781-4f68-4c91-a908-8659e1b22f95":1773,"53989945-1a28-481d-a61c-d6f75f760ada":1767,"60561e46-ece7-43a7-b142-9b14812586e4":1765,"9cd8eb60-3222-4efc-bd7c-50e03e6a81a4":1761,"33d8d6fc-861a-45ff-9937-5ccdb55eaede":1756,"15e6f441-5c1c-4d25-b4ec-1adf918c49c7":1746,"98ec3885-ac93-4fcb-807b-59c9055c52c4":1730,"94ef1985-cab1-4b39-a2f3-230120f03c16":1727,"a7d09522-bee2-41e4-8fe0-0b82b7f342f5":1712,"6c73764e-b8e6-4e55-ad37-f6a9d207da1f":1700,"b83029b6-5dd5-449e-8056-26f3943a4e18":1699,"50b1216b-d066-4457-b88b-9bccf97bf6d3":1684,"3e82142c-78dc-46f3-82ec-28e65fcf84c9":1614,"b39562a4-2b72-43fe-b9ba-eda1d651ad0b":1577,"076e8177-943b-41fc-a885-ba3d28297acf":1534},"productFacets":{"Non-GMO":4194,"Gluten Free":1186,"Dairy Free":518,"Vegetarian":461,"Low Fat":431,"Vegan":397,"Low Sugar":355,"Organic":260,"Halal":229,"Free Range":100,"Cage Free":47,"Keto":27,"Low Salt":24,"Healthy Heart Tick":1}}},"algoliaFacetQueriesResults":[],"totalHits":1000,"page":13,"totalPages":20,"hitsPerPage":50},
{"tobaccoProducts":false,"products":[{"productId":"5008243-EA-000","brand":"Pams","name":"Caramel Treats Biscuits","displayName":"200g","availability":["IN_STORE","ONLINE"],"saleType":"UNITS","restrictedFlag":false,"liquorFlag":false,"tobaccoFlag":false,"originRegulated":false,"singlePrice":{"price":199,"comparativePrice":{"pricePerUnit":100,"unitQuantity":100,"unitQuantityUom":"g","measureDescription":"100g"}},"facets":[{"itemCode":"00020012","itemDescription":"Non-GMO"}],"categoryTrees":[{"level0":"Pantry","level1":"Biscuits & Crackers","level2":"Chocolate Biscuits & Cookies"},{"level0":"Featured","level1":"Pams","level2":"Biscuits & Crackers"}],"cateredFlag":false,"algoliaAnalytics":{"searchQueryID":"ba07634fa8853358ef7a7c4ecffaf082","searchPosition":601},"boughtBefore":false},{"productId":"5042119-EA-000","brand":"Pams","name":"Brown Lentils In Brine","displayName":"400g","availability":["IN_STORE","ONLINE"],"saleType":"UNITS","restrictedFlag":false,"liquorFlag":false,"tobaccoFlag":false,"originRegulated":false,"singlePrice":{"price":89,"comparativePrice":{"pricePerUnit":223,"unitQuantity":1,"unitQuantityUom":"kg","measureDescription":"1kg"}},"facets":[{"itemCode":"00020013","itemDescription":"Vegan"},{"itemCode":"00020012","itemDescription":"Non-GMO"},{"itemCode":"00020011","itemDescription":"Low Sugar"},{"itemCode":"00020007","itemDescription":"Dairy Free"},{"itemCode":"00020014","itemDescription":"Vegetarian"}],"categoryTrees":[{"level0":"Pantry","level1":"Canned Foods & Packets","level2":"Chickpeas, Lentils & Beans"},{"level0":"Featured","level1":"Pams","level2":"Canned & Prepared Foods"}],"cateredFlag":false,"algoliaAnalytics":{"searchQueryID":"ba07634fa8853358ef7a7c4ecffaf082","searchPosition":602},"boughtBefore":false},{"productId":"5021715-EA-000","brand":"Real Foods","name":"Corn Thins Sour Cream & Chives","displayName":"125g","availability":["IN_STORE","ONLINE"],"saleType":"UNITS","restrictedFlag":false,"liquorFlag":false,"tobaccoFlag":false,"originRegulated":false,"singlePrice":{"price":269,"comparativePrice":{"pricePerUnit":215,"unitQuantity":100,"unitQuantityUom":"g","measureDescription":"100g"}},"facets":[{"itemCode":"00020004","itemDescription":"Gluten Free"},{"itemCode":"00020012","itemDescription":"Non-GMO"}],"categoryTrees":[{"level0":"Pantry","level1":"Biscuits & Crackers","level2":"Rice Cakes & Crispbread"}],"cateredFlag":false,"algoliaAnalytics":{"searchQueryID":"ba07634fa8853358ef7a7c4ecffaf082","searchPosition":603},"boughtBefore":false},{"productId":"5266790-EA-000","brand":"Simply Milk","name":"Lite Reduced Fat Milk","displayName":"2l","availability":["IN_STORE","ONLINE"],"saleType":"UNITS","restrictedFlag":false,"liquorFlag":false,"tobaccoFlag":false,"originRegulated":false,"singlePrice":{"price":493,"comparativePrice":{"pricePerUnit":247,"unitQuantity":1,"unitQuantityUom":"L","measureDescription":"1L"}},"facets":[{"itemCode":"00020012","itemDescription":"Non-GMO"}],"categoryTrees":[{"level0":"Fridge, Deli & Eggs","level1":"Milk","level2":"Fresh Milk"}],"cateredFlag":false,"algoliaAnalytics":{"searchQueryID":"ba07634fa8853358ef7a7c4ecffaf082","searchPosition":604},"boughtBefore":false},{"productId":"5010696-EA-000","brand":"Powerade","name":"Berry Ice Sports Drink","displayName":"750ml","availability":["IN_STORE","ONLINE"],"saleType":"UNITS","restrictedFlag":false,"liquorFlag":false,"tobaccoFlag":false,"originRegulated":false,"singlePrice":{"price":299,"comparativePrice":{"pricePerUnit":399,"unitQuantity":1,"unitQuantityUom":"L","measureDescription":"1L"}},"facets":[{"itemCode":"00020012","itemDescription":"Non-GMO"}],"categoryTrees":[{"level0":"Hot & Cold Drinks","level1":"Sports & Energy Drinks","level2":"Sports Hydration Drinks"}],"cateredFlag":false,"algoliaAnalytics":{"searchQueryID":"ba07634fa8853358ef7a7c4ecffaf082","searchPosition":605},"boughtBefore":false},{"productId":"5007647-EA-000","brand":"Monster","name":"Energy Drink","displayName":"500ml","availability":["IN_STORE","ONLINE"],"saleType":"UNITS","restrictedFlag":false,"liquorFlag":false,"tobaccoFlag":false,"originRegulated":false,"singlePrice":{"price":259,"comparativePrice":{"pricePerUnit":518,"unitQuantity":1,"unitQuantityUom":"L","measureDescription":"1L"}},"categoryTrees":[{"level0":"Hot & Cold Drinks","level1":"Sports & Energy Drinks","level2":"Energy Drinks"}],"cateredFlag":false,"algoliaAnalytics":{"searchQueryID":"ba07634fa8853358ef7a7c4ecffaf082","searchPosition":606},"boughtBefore":false},{"productId":"5012506-EA-000","brand":"Wattie's","name":"Tomato Sauce","displayName":"565g","availability":["IN_STORE","ONLINE"],"saleType":"UNITS","restrictedFlag":false,"liquorFlag":false,"tobaccoFlag":false,"originRegulated":false,"singlePrice":{"price":439,"comparativePrice":{"pricePerUnit":78,"unitQuantity":100,"unitQuantityUom":"g","measureDescription":"100g"}},"facets":[{"itemCode":"00020012","itemDescription":"Non-GMO"}],"categoryTrees":[{"level0":"Pantry","level1":"Table Sauces, Dressings & Condiments","level2":"Tomato Sauce"}],"cateredFlag":false,"algoliaAnalytics":{"searchQueryID":"ba07634fa8853358ef7a7c4ecffaf082","searchPosition":607},"boughtBefore":false},{"productId":"5225525-EA-000","brand":"Medallion","name":"Streaky Bacon","displayName":"800g","availability":["IN_STORE","ONLINE"],"saleType":"UNITS","restrictedFlag":false,"liquorFlag":false,"tobaccoFlag":false,"originRegulated":true,"originStatement":"Made in New Zealand using pork from pigs raised in one or more of the countries: Australia, Belgium, Denmark, Finland, France, Germany, Ireland, Netherlands, Poland, UK, Spain, Sweden, Canada, USA.","singlePrice":{"price":1889,"comparativePrice":{"pricePerUnit":2361,"unitQuantity":1,"unitQuantityUom":"kg","measureDescription":"1kg"}},"facets":[{"itemCode":"00020004","itemDescription":"Gluten Free"}],"categoryTrees":[{"level0":"Fridge, Deli & Eggs","level1":"Deli Meats & Smoked Fish","level2":"Bacon"},{"level0":"Meat, Poultry & Seafood","level1":"Deli Meats","level2":"Bacon"}],"cateredFlag":false,"algoliaAnalytics":{"searchQueryID":"ba07634fa8853358ef7a7c4ecffaf082","searchPosition":608},"boughtBefore":false},{"productId":"5006142-EA-000","brand":"Pams","name":"Baby Garden Peas","displayName":"750g","availability":["IN_STORE","ONLINE"],"saleType":"UNITS","restrictedFlag":false,"liquorFlag":false,"tobaccoFlag":false,"originRegulated":true,"originStatement":"Product of New Zealand","singlePrice":{"price":279,"comparativePrice":{"pricePerUnit":372,"unitQuantity":1,"unitQuantityUom":"kg","measureDescription":"1kg"}},"facets":[{"itemCode":"00020007","itemDescription":"Dairy Free"},{"itemCode":"00020012","itemDescription":"Non-GMO"},{"itemCode":"00020009","itemDescription":"Low Fat"}],"categoryTrees":[{"level0":"Frozen","level1":"Frozen Vegetables","level2":"Frozen Peas, Corn & Beans"},{"level0":"Featured","level1":"Pams","level2":"Frozen Foods"}],"cateredFlag":false,"algoliaAnalytics":{"searchQueryID":"ba07634fa8853358ef7a7c4ecffaf082","searchPosition":609},"boughtBefore":false},{"productId":"5027139-EA-000","brand":"Meadow Fresh","name":"Lite Sour Cream","displayName":"250g","availability":["IN_STORE","ONLINE"],"saleType":"UNITS","restrictedFlag":false,"liquorFlag":false,"tobaccoFlag":false,"originRegulated":false,"singlePrice":{"price":289,"comparativePrice":{"pricePerUnit":116,"unitQuantity":100,"unitQuantityUom":"g","measureDescription":"100g"}},"facets":[{"itemCode":"00020012","itemDescription":"Non-GMO"},{"itemCode":"00020014","itemDescription":"Vegetarian"},{"itemCode":"00020004","itemDescription":"Gluten Free"}],"categoryTrees":[{"level0":"Fridge, Deli & Eggs","level1":"Cream, Custard & Desserts","level2":"Sour Cream & Crme Fraiche"}],"cateredFlag":false,"algoliaAnalytics":{"searchQueryID":"ba07634fa8853358ef7a7c4ecffaf082","searchPosition":610},"boughtBefore":false},{"productId":"5243171-EA-000","brand":"Griffin's","name":"Cheese Ball Corn Snacks","displayName":"120g","availability":["IN_STORE","ONLINE"],"saleType":"UNITS","restrictedFlag":false,"liquorFlag":false,"tobaccoFlag":false,"originRegulated":false,"singlePrice":{"price":279,"comparativePrice":{"pricePerUnit":233,"unitQuantity":100,"unitQuantityUom":"g","measureDescription":"100g"}},"facets":[{"itemCode":"00020004","itemDescription":"Gluten Free"},{"itemCode":"00020012","itemDescription":"Non-GMO"}],"categoryTrees":[{"level0":"Snacks, Treats & Easy Meals","level1":"Chips, Nuts & Snacks","level2":"Vege & Savoury Snacks"},{"level0":"Pantry","level1":"Chips, Nuts & Snacks","level2":"Vege & Savoury Snacks"}],"cateredFlag":false,"algoliaAnalytics":{"searchQueryID":"ba07634fa8853358ef7a7c4ecffaf082","searchPosition":611},"boughtBefore":false},{"productId":"5253897-EA-000","brand":"Paseo","name":"Ultra Soft Hypo Allergenic 3 Ply Gentle Pure White Tissues","displayName":"140pk","availability":["IN_STORE","ONLINE"],"saleType":"UNITS","restrictedFlag":false,"liquorFlag":false,"tobaccoFlag":false,"originRegulated":false,"singlePrice":{"price":229,"promoId":"129996123","comparativePrice":{"pricePerUnit":164,"unitQuantity":100,"unitQuantityUom":" ","measureDescription":"100"}},"promotions":[{"promoId":"129996123","rewardValue":229,"decal":"6000","sapType":"BASE","rewardType":"NEW_PRICE","threshold":1,"limit":0,"multiProducts":false,"cardDependencyFlag":false,"bestPromotion":true,"comparativePrice":{"pricePerUnit":164,"unitQuantity":100,"unitQuantityUom":" ","measureDescription":"100"}}],"categoryTrees":[{"level0":"Health & Body","level1":"Tissues & Cotton Wool","level2":"Tissues"},{"level0":"Household & Cleaning","level1":"Toilet Paper, Tissues & Paper Towels","level2":"Tissues"}],"cateredFlag":false,"algoliaAnalytics":{"searchQueryID":"ba07634fa8853358ef7a7c4ecffaf082","searchPosition":612},"boughtBefore":false},{"productId":"5040743-EA-000","brand":"Pams","name":"Spinach","displayName":"ea","availability":["IN_STORE","ONLINE"],"saleType":"UNITS","restrictedFlag":false,"liquorFlag":false,"tobaccoFlag":false,"originRegulated":true,"originStatement":"Product of New Zealand","singlePrice":{"price":449},"categoryTrees":[{"level0":"Fruit & Vegetables","level1":"Vegetables","level2":"Lettuce, Spinach & Salad Greens"},{"level0":"Fruit & Vegetables","level1":"Fresh Salad & Herbs","level2":"Lettuce, Spinach & Salad Greens"}],"cateredFlag":false,"algoliaAnalytics":{"searchQueryID":"ba07634fa8853358ef7a7c4ecffaf082","searchPosition":613},"boughtBefore":false},{"productId":"5275367-EA-000","brand":"Fresh 'n Fruity","name":"Sunshine Fruits Yoghurt","displayName":"6 x 125g","availability":["IN_STORE","ONLINE"],"saleType":"UNITS","restrictedFlag":false,"liquorFlag":false,"tobaccoFlag":false,"originRegulated":false,"singlePrice":{"price":419,"promoId":"129963799","comparativePrice":{"pricePerUnit":56,"unitQuantity":100,"unitQuantityUom":"g","measureDescription":"100g"}},"promotions":[{"promoId":"129963799","rewardValue":419,"decal":"6000","sapType":"BASE","rewardType":"NEW_PRICE","threshold":1,"limit":0,"multiProducts":false,"cardDependencyFlag":false,"bestPromotion":true,"comparativePrice":{"pricePerUnit":56,"unitQuantity":100,"unitQuantityUom":"g","measureDescription":"100g"}}],"facets":[{"itemCode":"00020002","itemDescription":"Halal"},{"itemCode":"00020009","itemDescription":"Low Fat"},{"itemCode":"00020012","itemDescription":"Non-GMO"}],"categoryTrees":[{"level0":"Fridge, Deli & Eggs","level1":"Yoghurt","level2":"Yoghurt Multi Packs & Single Serve"},{"level0":"Snacks, Treats & Easy Meals","level1":"Lunchbox Snacks","level2":"Yoghurt Pouches & Single Serve"},{"level0":"Featured","level1":"Back to School","level2":"Breakfast On The Go","webContent":{"badgeSmallUrl":"","badgeMediumUrl":"","badgeLargeUrl":"","title":"","subTitle":"","campaignUrl":""},"appContent":{"badgeSmallUrl":"","badgeMediumUrl":"","badgeLargeUrl":"","title":"","subTitle":"","campaignUrl":""}}],"cateredFlag":false,"algoliaAnalytics":{"searchQueryID":"ba07634fa8853358ef7a7c4ecffaf082","searchPosition":614},"boughtBefore":false},{"productId":"5003757-EA-000","brand":"Pams","name":"Icing Sugar","displayName":"1kg","availability":["IN_STORE","ONLINE"],"saleType":"UNITS","restrictedFlag":false,"liquorFlag":false,"tobaccoFlag":false,"originRegulated":false,"singlePrice":{"price":199,"comparativePrice":{"pricePerUnit":20,"unitQuantity":100,"unitQuantityUom":"g","measureDescription":"100g"}},"facets":[{"itemCode":"00020007","itemDescription":"Dairy Free"},{"itemCode":"00020012","itemDescription":"Non-GMO"},{"itemCode":"00020004","itemDescription":"Gluten Free"}],"categoryTrees":[{"level0":"Pantry","level1":"Baking Supplies & Sugar","level2":"Icing & Decorating"},{"level0":"Featured","level1":"Pams","level2":"Baking Supplies & Sugar"}],"cateredFlag":false,"algoliaAnalytics":{"searchQueryID":"ba07634fa8853358ef7a7c4ecffaf082","searchPosition":615},"boughtBefore":false},{"productId":"5027923-EA-000","brand":"Ingham's","name":"Butterfly Chicken Tandoori","displayName":"1.1kg","availability":["IN_STORE","ONLINE"],"saleType":"UNITS","restrictedFlag":false,"liquorFlag":false,"tobaccoFlag":false,"originRegulated":true,"originStatement":"Product of New Zealand","marketingInitiatives":[{"initiativeCode":"AOV"}],"singlePrice":{"price":999,"promoId":"129970369","comparativePrice":{"pricePerUnit":908,"unitQuantity":1,"unitQuantityUom":"kg","measureDescription":"1kg"}},"promotions":[{"promoId":"129970369","rewardValue":999,"decal":"6000","sapType":"BASE","rewardType":"NEW_PRICE","threshold":1,"limit":0,"multiProducts":false,"cardDependencyFlag":false,"bestPromotion":true,"comparativePrice":{"pricePerUnit":908,"unitQuantity":1,"unitQuantityUom":"kg","measureDescription":"1kg"}}],"categoryTrees":[{"level0":"Meat, Poultry & Seafood","level1":"Chicken & Poultry","level2":"Crumbed & Marinated Chicken"}],"cateredFlag":false,"algoliaAnalytics":{"searchQueryID":"ba07634fa8853358ef7a7c4ecffaf082","searchPosition":616},"boughtBefore":false},{"productId":"5020431-EA-000","brand":"McCain","name":"Super Juicy Corn Kernels","displayName":"1kg","availability":["IN_STORE","ONLINE"],"saleType":"UNITS","restrictedFlag":false,"liquorFlag":false,"tobaccoFlag":false,"originRegulated":true,"originStatement":"Product of New Zealand","singlePrice":{"price":549,"promoId":"129965775","comparativePrice":{"pricePerUnit":549,"unitQuantity":1,"unitQuantityUom":"kg","measureDescription":"1kg"}},"promotions":[{"promoId":"129965775","rewardValue":549,"decal":"6000","sapType":"BASE","rewardType":"NEW_PRICE","threshold":1,"limit":0,"multiProducts":false,"cardDependencyFlag":false,"bestPromotion":true,"comparativePrice":{"pricePerUnit":549,"unitQuantity":1,"unitQuantityUom":"kg","measureDescription":"1kg"}}],"facets":[{"itemCode":"00020007","itemDescription":"Dairy Free"},{"itemCode":"00020002","itemDescription":"Halal"},{"itemCode":"00020012","itemDescription":"Non-GMO"}],"categoryTrees":[{"level0":"Frozen","level1":"Frozen Vegetables","level2":"Frozen Peas, Corn & Beans"}],"cateredFlag":false,"algoliaAnalytics":{"searchQueryID":"ba07634fa8853358ef7a7c4ecffaf082","searchPosition":617},"boughtBefore":false},{"productId":"5031615-EA-000","brand":"Much Moore","name":"Marvels Cookies Frozen Dessert","displayName":"2l","availability":["IN_STORE","ONLINE"],"saleType":"UNITS","restrictedFlag":false,"liquorFlag":false,"tobaccoFlag":false,"originRegulated":false,"singlePrice":{"price":469,"promoId":"129964310","comparativePrice":{"pricePerUnit":23,"unitQuantity":100,"unitQuantityUom":"ml","measureDescription":"100ml"}},"promotions":[{"promoId":"129964310","rewardValue":469,"decal":"6000","sapType":"BASE","rewardType":"NEW_PRICE","threshold":1,"limit":0,"multiProducts":false,"cardDependencyFlag":false,"bestPromotion":true,"comparativePrice":{"pricePerUnit":23,"unitQuantity":100,"unitQuantityUom":"ml","measureDescription":"100ml"}}],"facets":[{"itemCode":"00020012","itemDescription":"Non-GMO"}],"categoryTrees":[{"level0":"Frozen","level1":"Ice Cream & Sorbet","level2":"Ice Cream Tubs"}],"cateredFlag":false,"algoliaAnalytics":{"searchQueryID":"ba07634fa8853358ef7a7c4ecffaf082","searchPosition":618},"boughtBefore":false},{"productId":"5206404-EA-000","brand":"Fresh Up","name":"Harvest Red Apple Fruit Juice Drink","displayName":"1l","availability":["IN_STORE","ONLINE"],"saleType":"UNITS","restrictedFlag":false,"liquorFlag":false,"tobaccoFlag":false,"originRegulated":false,"singlePrice":{"price":179,"comparativePrice":{"pricePerUnit":179,"unitQuantity":1,"unitQuantityUom":"L","measureDescription":"1L"}},"facets":[{"itemCode":"00020012","itemDescription":"Non-GMO"}],"categoryTrees":[{"level0":"Hot & Cold Drinks","level1":"Juice & Smoothies","level2":"Fruit Juice"}],"cateredFlag":false,"algoliaAnalytics":{"searchQueryID":"ba07634fa8853358ef7a7c4ecffaf082","searchPosition":619},"boughtBefore":false},{"productId":"5001316-EA-000","brand":"Kara","name":"Coconut Cream","displayName":"1l","availability":["IN_STORE","ONLINE"],"saleType":"UNITS","restrictedFlag":false,"liquorFlag":false,"tobaccoFlag":false,"originRegulated":false,"singlePrice":{"price":819,"comparativePrice":{"pricePerUnit":82,"unitQuantity":100,"unitQuantityUom":"ml","measureDescription":"100ml"}},"categoryTrees":[{"level0":"Pantry","level1":"Canned Foods & Packets","level2":"Coconut Cream & Milk"}],"cateredFlag":false,"algoliaAnalytics":{"searchQueryID":"ba07634fa8853358ef7a7c4ecffaf082","searchPosition":620},"boughtBefore":false},{"productId":"5007415-EA-000","brand":"Anchor","name":"Zero Lacto Blue Milk","displayName":"1l","availability":["IN_STORE","ONLINE"],"saleType":"UNITS","restrictedFlag":false,"liquorFlag":false,"tobaccoFlag":false,"originRegulated":false,"singlePrice":{"price":486,"comparativePrice":{"pricePerUnit":486,"unitQuantity":1,"unitQuantityUom":"L","measureDescription":"1L"}},"facets":[{"itemCode":"00020012","itemDescription":"Non-GMO"}],"categoryTrees":[{"level0":"Fridge, Deli & Eggs","level1":"Milk","level2":"Fresh Milk"}],"cateredFlag":false,"algoliaAnalytics":{"searchQueryID":"ba07634fa8853358ef7a7c4ecffaf082","searchPosition":621},"boughtBefore":false},{"productId":"5275323-EA-000","brand":"Tip Top","name":"Supersoft High Fibre White Toast Bread","displayName":"700g","availability":["IN_STORE","ONLINE"],"saleType":"UNITS","restrictedFlag":false,"liquorFlag":false,"tobaccoFlag":false,"originRegulated":false,"singlePrice":{"price":389,"comparativePrice":{"pricePerUnit":56,"unitQuantity":100,"unitQuantityUom":"g","measureDescription":"100g"}},"categoryTrees":[{"level0":"Bakery","level1":"Sliced & Packaged Bread","level2":"White Bread"}],"cateredFlag":false,"algoliaAnalytics":{"searchQueryID":"ba07634fa8853358ef7a7c4ecffaf082","searchPosition":622},"boughtBefore":false},{"productId":"5012157-EA-000","brand":"McCain","name":"Peas Corn & Carrots Mixed Vegetables","displayName":"1kg","availability":["IN_STORE","ONLINE"],"saleType":"UNITS","restrictedFlag":false,"liquorFlag":false,"tobaccoFlag":false,"originRegulated":false,"singlePrice":{"price":529,"comparativePrice":{"pricePerUnit":529,"unitQuantity":1,"unitQuantityUom":"kg","measureDescription":"1kg"}},"facets":[{"itemCode":"00020012","itemDescription":"Non-GMO"}],"categoryTrees":[{"level0":"Frozen","level1":"Frozen Vegetables","level2":"Frozen Mixed Vegetables"},{"level0":"Frozen","level1":"Frozen Vegetables","level2":"Frozen Peas, Corn & Beans"}],"cateredFlag":false,"algoliaAnalytics":{"searchQueryID":"ba07634fa8853358ef7a7c4ecffaf082","searchPosition":623},"boughtBefore":false},{"productId":"5225598-EA-000","brand":"Yoplait","name":"Real Fruit Peach & Mango Yoghurt","displayName":"1kg","availability":["IN_STORE","ONLINE"],"saleType":"UNITS","restrictedFlag":false,"liquorFlag":false,"tobaccoFlag":false,"originRegulated":false,"singlePrice":{"price":469,"comparativePrice":{"pricePerUnit":47,"unitQuantity":100,"unitQuantityUom":"g","measureDescription":"100g"}},"facets":[{"itemCode":"00020009","itemDescription":"Low Fat"},{"itemCode":"00020012","itemDescription":"Non-GMO"}],"categoryTrees":[{"level0":"Fridge, Deli & Eggs","level1":"Yoghurt","level2":"Large Yoghurt Tubs"}],"cateredFlag":false,"algoliaAnalytics":{"searchQueryID":"ba07634fa8853358ef7a7c4ecffaf082","searchPosition":624},"boughtBefore":false},{"productId":"5021622-EA-000","brand":"Silk","name":"Aloe Vera & Chamomile Quality Baby Wipes","displayName":"80pk","availability":["IN_STORE","ONLINE"],"saleType":"UNITS","restrictedFlag":false,"liquorFlag":false,"tobaccoFlag":false,"originRegulated":false,"singlePrice":{"price":199,"promoId":"129968605","comparativePrice":{"pricePerUnit":249,"unitQuantity":100,"unitQuantityUom":" ","measureDescription":"100"}},"promotions":[{"promoId":"129968604","rewardValue":500,"decal":"6000","sapType":"LAYERED","rewardType":"NEW_PRICE","threshold":3,"multiProducts":true,"cardDependencyFlag":false,"bestPromotion":true,"comparativePrice":{"pricePerUnit":208,"unitQuantity":100,"unitQuantityUom":" ","measureDescription":"100"}}],"categoryTrees":[{"level0":"Baby & Toddler","level1":"Baby Wipes","level2":"Fragranced Wipes"}],"cateredFlag":false,"algoliaAnalytics":{"searchQueryID":"ba07634fa8853358ef7a7c4ecffaf082","searchPosition":625},"boughtBefore":false},{"productId":"5269376-EA-000","brand":"Snacka Changi Chips","name":"Salted Kettle Fried Potato Chips","displayName":"150g","availability":["IN_STORE","ONLINE"],"saleType":"UNITS","restrictedFlag":false,"liquorFlag":false,"tobaccoFlag":false,"originRegulated":false,"singlePrice":{"price":299,"promoId":"129967143","comparativePrice":{"pricePerUnit":199,"unitQuantity":100,"unitQuantityUom":"g","measureDescription":"100g"}},"promotions":[{"promoId":"129967143","rewardValue":299,"decal":"6000","sapType":"BASE","rewardType":"NEW_PRICE","threshold":1,"limit":0,"multiProducts":false,"cardDependencyFlag":false,"bestPromotion":true,"comparativePrice":{"pricePerUnit":199,"unitQuantity":100,"unitQuantityUom":"g","measureDescription":"100g"}}],"facets":[{"itemCode":"00020004","itemDescription":"Gluten Free"},{"itemCode":"00020012","itemDescription":"Non-GMO"},{"itemCode":"00020003","itemDescription":"Free Range"}],"categoryTrees":[{"level0":"Snacks, Treats & Easy Meals","level1":"Chips, Nuts & Snacks","level2":"Chips"},{"level0":"Pantry","level1":"Chips, Nuts & Snacks","level2":"Chips"}],"cateredFlag":false,"algoliaAnalytics":{"searchQueryID":"ba07634fa8853358ef7a7c4ecffaf082","searchPosition":626},"boughtBefore":false},{"productId":"5003333-EA-000","brand":"Griffin's","name":"Chocolate Fingers Biscuits","displayName":"180g","availability":["IN_STORE","ONLINE"],"saleType":"UNITS","restrictedFlag":false,"liquorFlag":false,"tobaccoFlag":false,"originRegulated":false,"singlePrice":{"price":449,"comparativePrice":{"pricePerUnit":249,"unitQuantity":100,"unitQuantityUom":"g","measureDescription":"100g"}},"facets":[{"itemCode":"00020012","itemDescription":"Non-GMO"}],"categoryTrees":[{"level0":"Pantry","level1":"Biscuits & Crackers","level2":"Chocolate Biscuits & Cookies"}],"cateredFlag":false,"algoliaAnalytics":{"searchQueryID":"ba07634fa8853358ef7a7c4ecffaf082","searchPosition":627},"boughtBefore":false},{"productId":"5247605-EA-000","brand":"Anchor","name":"Protein+ Mixed Berry Greek Style Yoghurt","displayName":"950g","availability":["IN_STORE","ONLINE"],"saleType":"UNITS","restrictedFlag":false,"liquorFlag":false,"tobaccoFlag":false,"originRegulated":false,"singlePrice":{"price":699,"promoId":"129963793","comparativePrice":{"pricePerUnit":74,"unitQuantity":100,"unitQuantityUom":"g","measureDescription":"100g"}},"promotions":[{"promoId":"129963793","rewardValue":699,"decal":"6000","sapType":"BASE","rewardType":"NEW_PRICE","threshold":1,"limit":0,"multiProducts":false,"cardDependencyFlag":false,"bestPromotion":true,"comparativePrice":{"pricePerUnit":74,"unitQuantity":100,"unitQuantityUom":"g","measureDescription":"100g"}}],"facets":[{"itemCode":"00020009","itemDescription":"Low Fat"},{"itemCode":"00020012","itemDescription":"Non-GMO"}],"categoryTrees":[{"level0":"Fridge, Deli & Eggs","level1":"Yoghurt","level2":"Protein & Probiotic Yoghurt"},{"level0":"Fridge, Deli & Eggs","level1":"Yoghurt","level2":"Large Yoghurt Tubs"}],"cateredFlag":false,"algoliaAnalytics":{"searchQueryID":"ba07634fa8853358ef7a7c4ecffaf082","searchPosition":628},"boughtBefore":false},{"productId":"5040521-EA-000","brand":"LeaderBrand","name":"Coleslaw With Homestyle Dressing","displayName":"450g","availability":["IN_STORE","ONLINE"],"saleType":"UNITS","restrictedFlag":false,"liquorFlag":false,"tobaccoFlag":false,"originRegulated":true,"originStatement":"Product of New Zealand","singlePrice":{"price":499,"comparativePrice":{"pricePerUnit":1109,"unitQuantity":1,"unitQuantityUom":"kg","measureDescription":"1kg"}},"facets":[{"itemCode":"00020012","itemDescription":"Non-GMO"}],"categoryTrees":[{"level0":"Fruit & Vegetables","level1":"Vegetables","level2":"Slaw & Salad Kits"},{"level0":"Fruit & Vegetables","level1":"Fresh Salad & Herbs","level2":"Slaw & Salad Kits"}],"cateredFlag":false,"algoliaAnalytics":{"searchQueryID":"ba07634fa8853358ef7a7c4ecffaf082","searchPosition":629},"boughtBefore":false},{"productId":"5255396-EA-000","brand":"Wrigley's Eclipse","name":"Spearmint Sugarfree Mints","displayName":"40g","availability":["IN_STORE","ONLINE"],"saleType":"UNITS","restrictedFlag":false,"liquorFlag":false,"tobaccoFlag":false,"originRegulated":false,"singlePrice":{"price":379,"promoId":"129877753","comparativePrice":{"pricePerUnit":948,"unitQuantity":100,"unitQuantityUom":"g","measureDescription":"100g"}},"promotions":[{"promoId":"129877753","rewardValue":379,"decal":"7000","sapType":"BASE","rewardType":"NEW_PRICE","threshold":1,"limit":0,"multiProducts":false,"cardDependencyFlag":false,"bestPromotion":true,"comparativePrice":{"pricePerUnit":948,"unitQuantity":100,"unitQuantityUom":"g","measureDescription":"100g"}}],"facets":[{"itemCode":"00020011","itemDescription":"Low Sugar"}],"categoryTrees":[{"level0":"Snacks, Treats & Easy Meals","level1":"Chocolate, Sweets & Chewing Gum","level2":"Chewing Gum & Mints"},{"level0":"Pantry","level1":"Chocolate, Sweets & Chewing Gum","level2":"Chewing Gum & Mints"}],"cateredFlag":false,"algoliaAnalytics":{"searchQueryID":"ba07634fa8853358ef7a7c4ecffaf082","searchPosition":630},"boughtBefore":false},{"productId":"5007358-EA-000","brand":"Pams","name":"Tasty Cheddar Cheese","displayName":"500g","availability":["IN_STORE","ONLINE"],"saleType":"UNITS","restrictedFlag":false,"liquorFlag":false,"tobaccoFlag":false,"originRegulated":false,"singlePrice":{"price":979,"comparativePrice":{"pricePerUnit":196,"unitQuantity":100,"unitQuantityUom":"g","measureDescription":"100g"}},"facets":[{"itemCode":"00020012","itemDescription":"Non-GMO"},{"itemCode":"00020014","itemDescription":"Vegetarian"}],"categoryTrees":[{"level0":"Fridge, Deli & Eggs","level1":"Cheese","level2":"Everyday Cheese Blocks"},{"level0":"Featured","level1":"Pams","level2":"Cheese"}],"cateredFlag":false,"algoliaAnalytics":{"searchQueryID":"ba07634fa8853358ef7a7c4ecffaf082","searchPosition":631},"boughtBefore":false},{"productId":"5215811-EA-000","brand":"Moogurt","name":"Suckies Strawberry Probiotic Yoghurt Pouch","displayName":"5 x 70g","availability":["IN_STORE","ONLINE"],"saleType":"UNITS","restrictedFlag":false,"liquorFlag":false,"tobaccoFlag":false,"originRegulated":false,"singlePrice":{"price":500,"promoId":"129964228","comparativePrice":{"pricePerUnit":143,"unitQuantity":100,"unitQuantityUom":"g","measureDescription":"100g"}},"promotions":[{"promoId":"129964228","rewardValue":500,"decal":"6000","sapType":"BASE","rewardType":"NEW_PRICE","threshold":1,"limit":0,"multiProducts":false,"cardDependencyFlag":false,"bestPromotion":true,"comparativePrice":{"pricePerUnit":143,"unitQuantity":100,"unitQuantityUom":"g","measureDescription":"100g"}}],"facets":[{"itemCode":"00020012","itemDescription":"Non-GMO"},{"itemCode":"00020014","itemDescription":"Vegetarian"}],"categoryTrees":[{"level0":"Fridge, Deli & Eggs","level1":"Yoghurt","level2":"Yoghurt Multi Packs & Single Serve"},{"level0":"Snacks, Treats & Easy Meals","level1":"Lunchbox Snacks","level2":"Yoghurt Pouches & Single Serve"},{"level0":"Featured","level1":"Back to School","level2":"Lunchbox Snacks"},{"level0":"$5 Week 1","level1":"$5 Week 1","level2":"Deals","webContent":{"badgeSmallUrl":"","badgeMediumUrl":"","badgeLargeUrl":"","title":"","subTitle":"","campaignUrl":""},"appContent":{"badgeSmallUrl":"","badgeMediumUrl":"","badgeLargeUrl":"","title":"","subTitle":"","campaignUrl":""}}],"cateredFlag":false,"algoliaAnalytics":{"searchQueryID":"ba07634fa8853358ef7a7c4ecffaf082","searchPosition":632},"boughtBefore":false},{"productId":"5040735-EA-000","brand":"Pams","name":"Baking Paper Refill 300mm Wide","displayName":"10m","availability":["IN_STORE","ONLINE"],"saleType":"UNITS","restrictedFlag":false,"liquorFlag":false,"tobaccoFlag":false,"originRegulated":false,"singlePrice":{"price":299,"comparativePrice":{"pricePerUnit":30,"unitQuantity":1,"unitQuantityUom":"m","measureDescription":"1m"}},"facets":[{"itemCode":"00020012","itemDescription":"Non-GMO"}],"categoryTrees":[{"level0":"Household & Cleaning","level1":"Food Wrap, Storage & Bags","level2":"Cling Wrap, Baking Paper & Foil"}],"cateredFlag":false,"algoliaAnalytics":{"searchQueryID":"ba07634fa8853358ef7a7c4ecffaf082","searchPosition":633},"boughtBefore":false},{"productId":"5003727-EA-000","brand":"Pams","name":"Creamed Style Corn","displayName":"410g","availability":["IN_STORE","ONLINE"],"saleType":"UNITS","restrictedFlag":false,"liquorFlag":false,"tobaccoFlag":false,"originRegulated":false,"singlePrice":{"price":129,"comparativePrice":{"pricePerUnit":315,"unitQuantity":1,"unitQuantityUom":"kg","measureDescription":"1kg"}},"facets":[{"itemCode":"00020011","itemDescription":"Low Sugar"},{"itemCode":"00020012","itemDescription":"Non-GMO"},{"itemCode":"00020009","itemDescription":"Low Fat"},{"itemCode":"00020007","itemDescription":"Dairy Free"}],"categoryTrees":[{"level0":"Pantry","level1":"Canned Foods & Packets","level2":"Canned & Dried Vegetables"},{"level0":"Featured","level1":"Pams","level2":"Canned & Prepared Foods"}],"cateredFlag":false,"algoliaAnalytics":{"searchQueryID":"ba07634fa8853358ef7a7c4ecffaf082","searchPosition":634},"boughtBefore":false},{"productId":"5009706-EA-000","brand":"Maggi","name":"Creamy Seafood Soup","displayName":"37g","availability":["IN_STORE","ONLINE"],"saleType":"UNITS","restrictedFlag":false,"liquorFlag":false,"tobaccoFlag":false,"originRegulated":false,"singlePrice":{"price":129,"comparativePrice":{"pricePerUnit":349,"unitQuantity":100,"unitQuantityUom":"g","measureDescription":"100g"}},"categoryTrees":[{"level0":"Pantry","level1":"Canned Foods & Packets","level2":"Canned & Packet Soup"}],"cateredFlag":false,"algoliaAnalytics":{"searchQueryID":"ba07634fa8853358ef7a7c4ecffaf082","searchPosition":635},"boughtBefore":false},{"productId":"5244114-EA-000","brand":"Cadbury","name":"Breakaway Milk Chocolate Biscuits","displayName":"180g","availability":["IN_STORE","ONLINE"],"saleType":"UNITS","restrictedFlag":false,"liquorFlag":false,"tobaccoFlag":false,"originRegulated":false,"singlePrice":{"price":399,"comparativePrice":{"pricePerUnit":222,"unitQuantity":100,"unitQuantityUom":"g","measureDescription":"100g"}},"facets":[{"itemCode":"00020012","itemDescription":"Non-GMO"}],"categoryTrees":[{"level0":"Pantry","level1":"Biscuits & Crackers","level2":"Chocolate Biscuits & Cookies"}],"cateredFlag":false,"algoliaAnalytics":{"searchQueryID":"ba07634fa8853358ef7a7c4ecffaf082","searchPosition":636},"boughtBefore":false},{"productId":"5003363-EA-000","brand":"Cadbury","name":"Pinky Chocolate Bar","displayName":"40g","availability":["IN_STORE","ONLINE"],"saleType":"UNITS","restrictedFlag":false,"liquorFlag":false,"tobaccoFlag":false,"originRegulated":false,"singlePrice":{"price":99,"promoId":"129993790","comparativePrice":{"pricePerUnit":248,"unitQuantity":100,"unitQuantityUom":"g","measureDescription":"100g"}},"promotions":[{"promoId":"129993790","rewardValue":99,"decal":"6000","sapType":"BASE","rewardType":"NEW_PRICE","threshold":1,"limit":0,"multiProducts":false,"cardDependencyFlag":false,"bestPromotion":true,"comparativePrice":{"pricePerUnit":248,"unitQuantity":100,"unitQuantityUom":"g","measureDescription":"100g"}}],"facets":[{"itemCode":"00020012","itemDescription":"Non-GMO"}],"categoryTrees":[{"level0":"Snacks, Treats & Easy Meals","level1":"Chocolate, Sweets & Chewing Gum","level2":"Single Chocolate Bars & Sweets"},{"level0":"Pantry","level1":"Chocolate, Sweets & Chewing Gum","level2":"Single Chocolate Bars & Sweets"}],"cateredFlag":false,"algoliaAnalytics":{"searchQueryID":"ba07634fa8853358ef7a7c4ecffaf082","searchPosition":637},"boughtBefore":false},{"productId":"5031613-EA-000","brand":"Much Moore","name":"Marvels Chocolate Cookies Frozen Dessert","displayName":"2l","availability":["IN_STORE","ONLINE"],"saleType":"UNITS","restrictedFlag":false,"liquorFlag":false,"tobaccoFlag":false,"originRegulated":false,"singlePrice":{"price":469,"promoId":"129964310","comparativePrice":{"pricePerUnit":23,"unitQuantity":100,"unitQuantityUom":"ml","measureDescription":"100ml"}},"promotions":[{"promoId":"129964310","rewardValue":469,"decal":"6000","sapType":"BASE","rewardType":"NEW_PRICE","threshold":1,"limit":0,"multiProducts":false,"cardDependencyFlag":false,"bestPromotion":true,"comparativePrice":{"pricePerUnit":23,"unitQuantity":100,"unitQuantityUom":"ml","measureDescription":"100ml"}}],"facets":[{"itemCode":"00020012","itemDescription":"Non-GMO"}],"categoryTrees":[{"level0":"Frozen","level1":"Ice Cream & Sorbet","level2":"Ice Cream Tubs"}],"cateredFlag":false,"algoliaAnalytics":{"searchQueryID":"ba07634fa8853358ef7a7c4ecffaf082","searchPosition":638},"boughtBefore":false},{"productId":"5022802-EA-000","brand":"Da Vinci's","name":"Hawaiian Pizza","displayName":"380g","availability":["IN_STORE","ONLINE"],"saleType":"UNITS","restrictedFlag":false,"liquorFlag":false,"tobaccoFlag":false,"originRegulated":false,"singlePrice":{"price":300,"promoId":"130006061","comparativePrice":{"pricePerUnit":79,"unitQuantity":100,"unitQuantityUom":"g","measureDescription":"100g"}},"promotions":[{"promoId":"130006061","rewardValue":300,"decal":"6000","sapType":"BASE","rewardType":"NEW_PRICE","threshold":1,"limit":0,"multiProducts":false,"cardDependencyFlag":false,"bestPromotion":true,"comparativePrice":{"pricePerUnit":79,"unitQuantity":100,"unitQuantityUom":"g","measureDescription":"100g"}}],"categoryTrees":[{"level0":"Fridge, Deli & Eggs","level1":"Chilled Pasta, Pizza & Garlic Bread","level2":"Chilled Pizza & Bases"},{"level0":"Snacks, Treats & Easy Meals","level1":"Easy Meals & Meal Kits","level2":"Pizza"}],"cateredFlag":false,"algoliaAnalytics":{"searchQueryID":"ba07634fa8853358ef7a7c4ecffaf082","searchPosition":639},"boughtBefore":false},{"productId":"5036350-EA-000","brand":"The Natural Confectionery Co.","name":"Sour Squirms","displayName":"220g","availability":["IN_STORE","ONLINE"],"saleType":"UNITS","restrictedFlag":false,"liquorFlag":false,"tobaccoFlag":false,"originRegulated":false,"singlePrice":{"price":379,"comparativePrice":{"pricePerUnit":172,"unitQuantity":100,"unitQuantityUom":"g","measureDescription":"100g"}},"facets":[{"itemCode":"00020012","itemDescription":"Non-GMO"}],"categoryTrees":[{"level0":"Snacks, Treats & Easy Meals","level1":"Chocolate, Sweets & Chewing Gum","level2":"Lollies, Sweets & Licorice"},{"level0":"Pantry","level1":"Chocolate, Sweets & Chewing Gum","level2":"Lollies, Sweets & Licorice"}],"cateredFlag":false,"algoliaAnalytics":{"searchQueryID":"ba07634fa8853358ef7a7c4ecffaf082","searchPosition":640},"boughtBefore":false},{"productId":"5014712-EA-000","brand":"Sanitarium Weet-Bix","name":"Wild Berry Bites Breakfast Cereal","displayName":"500g","availability":["IN_STORE","ONLINE"],"saleType":"UNITS","restrictedFlag":false,"liquorFlag":false,"tobaccoFlag":false,"originRegulated":false,"singlePrice":{"price":649,"promoId":"129969073","comparativePrice":{"pricePerUnit":130,"unitQuantity":100,"unitQuantityUom":"g","measureDescription":"100g"}},"promotions":[{"promoId":"129969073","rewardValue":649,"decal":"6000","sapType":"BASE","rewardType":"NEW_PRICE","threshold":1,"limit":0,"multiProducts":false,"cardDependencyFlag":false,"bestPromotion":true,"comparativePrice":{"pricePerUnit":130,"unitQuantity":100,"unitQuantityUom":"g","measureDescription":"100g"}}],"facets":[{"itemCode":"00020012","itemDescription":"Non-GMO"}],"categoryTrees":[{"level0":"Pantry","level1":"Breakfast Cereals","level2":"Everyday Cereal"}],"cateredFlag":false,"algoliaAnalytics":{"searchQueryID":"ba07634fa8853358ef7a7c4ecffaf082","searchPosition":641},"boughtBefore":false},{"productId":"5026544-EA-000","brand":"Sealord","name":"Tomato & Basil Tuna","displayName":"185g","availability":["IN_STORE","ONLINE"],"saleType":"UNITS","restrictedFlag":false,"liquorFlag":false,"tobaccoFlag":false,"originRegulated":false,"singlePrice":{"price":289,"promoId":"129988687","comparativePrice":{"pricePerUnit":1562,"unitQuantity":1,"unitQuantityUom":"kg","measureDescription":"1kg"}},"promotions":[{"promoId":"129988691","rewardValue":500,"decal":"6000","sapType":"LAYERED","rewardType":"NEW_PRICE","threshold":2,"multiProducts":true,"cardDependencyFlag":false,"bestPromotion":true,"comparativePrice":{"pricePerUnit":1351,"unitQuantity":1,"unitQuantityUom":"kg","measureDescription":"1kg"}}],"facets":[{"itemCode":"00020012","itemDescription":"Non-GMO"}],"categoryTrees":[{"level0":"Pantry","level1":"Canned Foods & Packets","level2":"Canned Tuna"}],"cateredFlag":false,"algoliaAnalytics":{"searchQueryID":"ba07634fa8853358ef7a7c4ecffaf082","searchPosition":642},"boughtBefore":false},{"productId":"5003458-EA-000","brand":"Sizzlers","name":"Double Cheese","displayName":"450g","availability":["IN_STORE","ONLINE"],"saleType":"UNITS","restrictedFlag":false,"liquorFlag":false,"tobaccoFlag":false,"originRegulated":false,"singlePrice":{"price":500,"promoId":"129998599","comparativePrice":{"pricePerUnit":1111,"unitQuantity":1,"unitQuantityUom":"kg","measureDescription":"1kg"}},"promotions":[{"promoId":"129998599","rewardValue":500,"decal":"6000","sapType":"BASE","rewardType":"NEW_PRICE","threshold":1,"limit":0,"multiProducts":false,"cardDependencyFlag":false,"bestPromotion":true,"comparativePrice":{"pricePerUnit":1111,"unitQuantity":1,"unitQuantityUom":"kg","measureDescription":"1kg"}}],"facets":[{"itemCode":"00020012","itemDescription":"Non-GMO"}],"categoryTrees":[{"level0":"Meat, Poultry & Seafood","level1":"Mince, Sausages & Meatballs","level2":"Pre-Cooked Sausages"}],"cateredFlag":false,"algoliaAnalytics":{"searchQueryID":"ba07634fa8853358ef7a7c4ecffaf082","searchPosition":643},"boughtBefore":false},{"productId":"5100531-EA-000","brand":"Rolling Meadow","name":"Grated Pizza Blend Cheese","displayName":"500g","availability":["IN_STORE","ONLINE"],"saleType":"UNITS","restrictedFlag":false,"liquorFlag":false,"tobaccoFlag":false,"originRegulated":false,"singlePrice":{"price":999,"comparativePrice":{"pricePerUnit":200,"unitQuantity":100,"unitQuantityUom":"g","measureDescription":"100g"}},"facets":[{"itemCode":"00020004","itemDescription":"Gluten Free"},{"itemCode":"00020014","itemDescription":"Vegetarian"},{"itemCode":"00020012","itemDescription":"Non-GMO"},{"itemCode":"00020002","itemDescription":"Halal"}],"categoryTrees":[{"level0":"Fridge, Deli & Eggs","level1":"Cheese","level2":"Grated Cheese"}],"cateredFlag":false,"algoliaAnalytics":{"searchQueryID":"ba07634fa8853358ef7a7c4ecffaf082","searchPosition":644},"boughtBefore":false},{"productId":"5003508-EA-000","brand":"Castello","name":"Creamy Blue Cheese","displayName":"150g","availability":["IN_STORE","ONLINE"],"saleType":"UNITS","restrictedFlag":false,"liquorFlag":false,"tobaccoFlag":false,"originRegulated":false,"singlePrice":{"price":979,"promoId":"129978240","comparativePrice":{"pricePerUnit":653,"unitQuantity":100,"unitQuantityUom":"g","measureDescription":"100g"}},"promotions":[{"promoId":"129978240","rewardValue":979,"decal":"6000","sapType":"BASE","rewardType":"NEW_PRICE","threshold":1,"limit":0,"multiProducts":false,"cardDependencyFlag":false,"bestPromotion":true,"comparativePrice":{"pricePerUnit":653,"unitQuantity":100,"unitQuantityUom":"g","measureDescription":"100g"}}],"categoryTrees":[{"level0":"Fridge, Deli & Eggs","level1":"Cheese","level2":"Blue Cheese"}],"cateredFlag":false,"algoliaAnalytics":{"searchQueryID":"ba07634fa8853358ef7a7c4ecffaf082","searchPosition":645},"boughtBefore":false},{"productId":"5002127-EA-000","brand":"Wattie's","name":"Italian Style Tomatoes","displayName":"400g","availability":["IN_STORE","ONLINE"],"saleType":"UNITS","restrictedFlag":false,"liquorFlag":false,"tobaccoFlag":false,"originRegulated":false,"singlePrice":{"price":239,"comparativePrice":{"pricePerUnit":598,"unitQuantity":1,"unitQuantityUom":"kg","measureDescription":"1kg"}},"facets":[{"itemCode":"00020012","itemDescription":"Non-GMO"}],"categoryTrees":[{"level0":"Pantry","level1":"Canned Foods & Packets","level2":"Canned Tomatoes"}],"cateredFlag":false,"algoliaAnalytics":{"searchQueryID":"ba07634fa8853358ef7a7c4ecffaf082","searchPosition":646},"boughtBefore":false},{"productId":"5025783-EA-000","brand":"Vogel's","name":"Sunflower & Barley Toast Bread","displayName":"720g","availability":["IN_STORE","ONLINE"],"saleType":"UNITS","restrictedFlag":false,"liquorFlag":false,"tobaccoFlag":false,"originRegulated":false,"singlePrice":{"price":429,"comparativePrice":{"pricePerUnit":60,"unitQuantity":100,"unitQuantityUom":"g","measureDescription":"100g"}},"facets":[{"itemCode":"00020012","itemDescription":"Non-GMO"}],"categoryTrees":[{"level0":"Bakery","level1":"Sliced & Packaged Bread","level2":"Wholemeal, Grain & Seeded Bread"}],"cateredFlag":false,"algoliaAnalytics":{"searchQueryID":"ba07634fa8853358ef7a7c4ecffaf082","searchPosition":647},"boughtBefore":false},{"productId":"5213392-EA-000","brand":"Pams","name":"Rose Easy Tie Extra Strength Large Kitchen Tidy Liners 58 x 71cm","displayName":"24pk","availability":["IN_STORE","ONLINE"],"saleType":"UNITS","restrictedFlag":false,"liquorFlag":false,"tobaccoFlag":false,"originRegulated":false,"singlePrice":{"price":229,"comparativePrice":{"pricePerUnit":10,"unitQuantity":1,"unitQuantityUom":"ea","measureDescription":"ea"}},"facets":[{"itemCode":"00020012","itemDescription":"Non-GMO"}],"categoryTrees":[{"level0":"Household & Cleaning","level1":"Food Wrap, Storage & Bags","level2":"Rubbish Bags & Bin Liners"},{"level0":"Featured","level1":"Pams","level2":"Household"}],"cateredFlag":false,"algoliaAnalytics":{"searchQueryID":"ba07634fa8853358ef7a7c4ecffaf082","searchPosition":648},"boughtBefore":false},{"productId":"5046450-KGM-000","name":"Golden Peaches","displayName":"kg","availability":["IN_STORE","ONLINE"],"saleType":"BOTH","restrictedFlag":false,"liquorFlag":false,"tobaccoFlag":false,"originRegulated":true,"originStatement":"Product of New Zealand","marketingInitiatives":[{"initiativeCode":"AOV"}],"variableWeight":{"unitOfMeasure":"g","averageWeight":150,"minOrderQuantity":200,"stepSize":100,"stepUnitOfMeasure":"g"},"singlePrice":{"price":679,"promoId":"130047437","comparativePrice":{"pricePerUnit":679,"unitQuantity":1,"unitQuantityUom":"kg","measureDescription":"1kg"}},"promotions":[{"promoId":"130047437","rewardValue":679,"decal":"6000","sapType":"BASE","rewardType":"NEW_PRICE","threshold":1,"limit":0,"multiProducts":false,"cardDependencyFlag":false,"bestPromotion":true,"comparativePrice":{"pricePerUnit":679,"unitQuantity":1,"unitQuantityUom":"kg","measureDescription":"1kg"}}],"categoryTrees":[{"level0":"Fruit & Vegetables","level1":"Fruit","level2":"Peaches, Nectarines & Stone Fruit"}],"cateredFlag":false,"algoliaAnalytics":{"searchQueryID":"ba07634fa8853358ef7a7c4ecffaf082","searchPosition":649},"boughtBefore":false},{"productId":"5003707-EA-000","brand":"Pams","name":"Hazelnut Smooth Spread","displayName":"400g","availability":["IN_STORE","ONLINE"],"saleType":"UNITS","restrictedFlag":false,"liquorFlag":false,"tobaccoFlag":false,"originRegulated":false,"singlePrice":{"price":429,"comparativePrice":{"pricePerUnit":107,"unitQuantity":100,"unitQuantityUom":"g","measureDescription":"100g"}},"facets":[{"itemCode":"00020012","itemDescription":"Non-GMO"}],"categoryTrees":[{"level0":"Pantry","level1":"Jams, Honey & Spreads","level2":"Chocolate & Sweet Spreads"},{"level0":"Featured","level1":"Pams","level2":"Jams, Honey & Spreads"}],"cateredFlag":false,"algoliaAnalytics":{"searchQueryID":"ba07634fa8853358ef7a7c4ecffaf082","searchPosition":650},"boughtBefore":false}],"algoliaSearchResult":{"facets":{"brand":{"Pams":809,"Wattie's":155,"Mrs Rogers":111,"Colgate":90,"Anchor":81,"Korbond":81,"Healtheries":80,"Tip Top":72,"Hellers":64,"VitaPet":63,"Gregg's":60,"Value":60,"Ceres Organics":56,"Continental":52,"Dettol":52,"Tasti":52,"Mainland":51,"Griffin's":50,"Maggi":50,"Pams Value":50,"Nivea":49,"Red Seal":49,"Dove":48,"Barker's":47,"Meadow Fresh":47,"Musashi":46,"Huggies":44,"Nestle":43,"Nescafe":41,"Palmolive":40,"McCain":39,"Bic":38,"Masterfoods":37,"Mother Earth":36,"Cadbury":35,"Delmaine":34,"Kellogg's":34,"Heinz":33,"Sealord":33,"Graze":31,"Lewis Road Creamery":31,"Sistema":31,"Whittaker's":31,"Chux":30,"Edmonds":30,"Jed's Coffee Co.":30,"The Collective":30,"Pams Finest":29,"Avalanche":28,"Bundaberg":28,"Energizer":28,"Whiskas":28,"Big Black Sacks":27,"Bluebird":27,"Glow Lab":27,"Kapiti":27,"Palmolive Naturals":27,"Arnott's":26,"Diamond":26,"Fresh To Go":26,"Hubbards":26,"Lindt":26,"Schweppes":26,"Farrah's":25,"Moccona":25,"Old El Paso":25,"Persil":25,"Philips":25,"Best":24,"Chef":24,"Fresh 'n Fruity":24,"Schick":24,"Tegel":24,"Eta":23,"Purina Fancy Feast":23,"Surv":23,"Dairyworks":22,"Dine":22,"Ecostore":22,"Harpic":22,"North Head":22,"San Remo":22,"Head & Shoulders":21,"John West":21,"Lee Kum Kee":21,"Rascals":21,"V":21,"Verkerks":21,"Chelsea":20,"Jacob's Creek":20,"Leggo's":20,"Only Organic":20,"Sanitarium Up & Go":20,"U By Kotex":20,"Campbell's":19,"Eveready":19,"Magnum":19,"Nivea Men":19,"Poise":19,"Schwarzkopf Extra Care":19},"tobacco":{"false":9994},"category1NI":{"Chips, Nuts & Snacks":445,"Canned Foods & Packets":347,"Pams":344,"Biscuits & Crackers":304,"Back to School":290,"Chocolate, Sweets & Chewing Gum":288,"Cooking Sauces, Stocks & Marinades":274,"Hair Care":265,"Stationery & Entertainment":257,"Cheese":238,"Lunchbox Snacks":235,"Spices, Seasoning & Coatings":234,"Baking Supplies & Sugar":231,"Coffee":226,"Table Sauces, Dressings & Condiments":225,"Pasta, Rice & Noodles":224,"Cat":213,"Ice Cream & Sorbet":204,"Yoghurt":202,"Cleaning & Accessories":199,"Easy Meals & Meal Kits":176,"Deli Meats & Smoked Fish":169,"Homewares":165,"Food Wrap, Storage & Bags":163,"Dental & Oral Care":159,"Bath, Shower & Soap":157,"Red Wine":156,"Dog":151,"Soft Drinks & Mixers":148,"Breakfast Cereals":146,"Skin Care & Sun Care":143,"Deli Meats":137,"Laundry":134,"White Wine":130,"Medical & First Aid":125,"$5 Week 1":117,"Juice & Smoothies":111,"Period & Continence Care":111,"World Foods":111,"Vegetables":107,"Dips, Hummus & Antipasti":103,"Vitamins & Supplements":101,"Milk":98,"Deodorant & Body Sprays":97,"Ready to Eat":95,"Batteries & Electrical":93,"Jams, Honey & Spreads":93,"Beer":92,"Tea":91,"Sports & Energy Drinks":90,"Bulk Foods":86,"Desserts":86,"Nappies & Changing":83,"Chilled Soups & Ready Meals":80,"Frozen Chicken & Meat":76,"Garage & Outdoor":76,"Baby & Toddler Food":74,"Sliced & Packaged Bread":72,"Kitchen Cleaners":71,"Cakes, Muffins & Desserts":67,"Hot Chocolate & Milk Drinks":67,"Shaving & Hair Removal":65,"Frozen Fish & Seafood":64,"Bathroom & Toilet Cleaners":61,"Fresh Salad & Herbs":61,"Sports Nutrition & Weight Management":60,"Frozen Vegetables":57,"In-Store Bakery":57,"Oil & Vinegar":56,"Frozen Dumplings, Pies & Snacks":53,"Dishwashing":52,"Frozen Pizza & Ready Meals":52,"Wraps, Pita & Flat Bread":50,"Butter & Margarine":48,"Frozen Fruit & Desserts":46,"Pest & Insect Control":46,"Syrups, Cordials & Powdered Drinks":46,"Long Life & Dairy Free Milk":45,"Chilled Pasta, Pizza & Garlic Bread":43,"Baby & Toddler Toiletries":41,"Toilet Paper, Tissues & Paper Towels":40,"Mince, Sausages & Meatballs":39,"Rose Wine":39,"Seafood":39,"Champagne & Sparkling Wine":38,"Baby Formula":37,"Frozen Chips & Hash Browns":36,"Fruit":36,"Bagels, Crumpets & Pancakes":35,"Cream, Custard & Desserts":34,"Craft Beer":31,"Water":31,"Chicken & Poultry":30,"Kombucha & Functional Drinks":29,"Clothing & Accessories":28,"Nursing & Feeding":28,"Alcohol Free Drinks":27,"Burger Buns, Rolls & Garlic Bread":26,"Cider":24,"Frozen Pastry & Bread":23},"onPromotion":{"61dd754e-8525-4b9e-9e08-173389eea8a8":2714,"c3f9e1a3-fc34-452d-af2e-95349e666ba4":2702,"715f0e22-95e0-45ce-af3a-07057209976e":2698,"4a279605-eaa8-470d-bcd4-0a9e3c9ab43b":2685,"5cf0392f-c187-4fc4-a463-eb269d2e8f45":2660,"90082979-fb9f-4305-9c72-83274fc438cc":2656,"b29a98bd-749c-489c-9eef-6aa38e66a29b":2631,"2ed73be8-936d-4f35-9398-75a707f40a7b":2560,"dbca5e00-f7f9-43ae-91de-031ad16f8a92":2548,"be4c4780-218e-425a-a90f-63e21773572b":2538,"8cd700ae-d96f-4761-bd7a-805d6b93536d":2460,"d8032da3-c1b9-456e-b626-41ce21f8c67b":2401,"3c5e3145-0767-4066-9349-6c0a1313acc5":2383,"bdc5ef4a-c6a7-4f8a-b8cb-28109e6d61c3":2266,"2a1b331a-fc4a-496a-b072-e97cc8f70cae":2066,"d6d39eea-889d-4e20-923c-55cab225cf7f":2060,"c2204dae-579e-4b6b-9d42-2e13ceaa6031":2057,"65defcf2-bc15-490e-a84f-1f13b769cd22":2047,"8f0d70be-5cb7-464b-99cb-8b0130671895":2024,"b92cc33f-b5a8-4b57-9b82-412946800020":1977,"3404c253-577f-45ca-b301-c98312e46efb":1965,"c0f80e87-16be-4488-9553-da437e8c6c2a":1954,"6e6809dd-01bc-45c9-aab1-f01ccd8338b0":1952,"3bfe040b-f0c9-45e0-949b-b9ad5a591d55":1940,"92086ded-a55d-4241-a364-7d7ea91531b4":1937,"48dd98cc-a757-4102-b15d-ea82b4b10571":1931,"49037947-e450-49bf-ba1f-a94551c79a72":1915,"21ecaaed-0749-4492-985e-4bb7ba43d59c":1903,"3bb30799-82ce-4648-8c02-5113228963ed":1895,"01a114de-149c-4f5f-80a1-90cc63f69c6e":1886,"c180a72d-5dbe-4403-b7c7-91655e505492":1877,"714431ab-6e39-4df6-ac77-cfc5c1e25bc8":1864,"e1925ea7-01bc-4358-ae7c-c6502da5ab12":1860,"64eab5b1-8d79-45f4-94f1-02b8cf8b6202":1857,"1c388d5e-29ac-4956-b476-cb3431353d2e":1852,"5f167936-79ae-4f6a-b9d2-74afe1bb096b":1845,"d1cd1fdd-8767-46a6-a8d3-c3e0632c2dc8":1845,"b2e98a14-c8ca-401e-99ed-edf74570c6f6":1838,"af385423-d0f1-41f0-9482-ffd10b745143":1829,"6cda96e1-7d29-44a6-956b-3fcfdecc8184":1820,"529d66cc-60e3-432e-b8d1-efc9f2ec4919":1815,"4fcc1c8e-cc5e-4675-ba25-5e56b579cf69":1800,"7d48a781-4f68-4c91-a908-8659e1b22f95":1773,"53989945-1a28-481d-a61c-d6f75f760ada":1767,"60561e46-ece7-43a7-b142-9b14812586e4":1765,"9cd8eb60-3222-4efc-bd7c-50e03e6a81a4":1761,"33d8d6fc-861a-45ff-9937-5ccdb55eaede":1756,"15e6f441-5c1c-4d25-b4ec-1adf918c49c7":1746,"98ec3885-ac93-4fcb-807b-59c9055c52c4":1730,"94ef1985-cab1-4b39-a2f3-230120f03c16":1727,"a7d09522-bee2-41e4-8fe0-0b82b7f342f5":1712,"6c73764e-b8e6-4e55-ad37-f6a9d207da1f":1700,"b83029b6-5dd5-449e-8056-26f3943a4e18":1699,"50b1216b-d066-4457-b88b-9bccf97bf6d3":1684,"3e82142c-78dc-46f3-82ec-28e65fcf84c9":1614,"b39562a4-2b72-43fe-b9ba-eda1d651ad0b":1577,"076e8177-943b-41fc-a885-ba3d28297acf":1534},"productFacets":{"Non-GMO":4194,"Gluten Free":1186,"Dairy Free":518,"Vegetarian":461,"Low Fat":431,"Vegan":397,"Low Sugar":355,"Organic":260,"Halal":229,"Free Range":100,"Cage Free":47,"Keto":27,"Low Salt":24,"Healthy Heart Tick":1}}},"algoliaFacetQueriesResults":[],"totalHits":1000,"page":12,"totalPages":20,"hitsPerPage":50},
{"tobaccoProducts":false,"products":[{"productId":"5040283-EA-000","brand":"Pams","name":"Oriental Stir Fry Mix","displayName":"1kg","availability":["IN_STORE","ONLINE"],"saleType":"UNITS","restrictedFlag":false,"liquorFlag":false,"tobaccoFlag":false,"originRegulated":false,"singlePrice":{"price":419,"comparativePrice":{"pricePerUnit":419,"unitQuantity":1,"unitQuantityUom":"kg","measureDescription":"1kg"}},"facets":[{"itemCode":"00020009","itemDescription":"Low Fat"},{"itemCode":"00020012","itemDescription":"Non-GMO"},{"itemCode":"00020007","itemDescription":"Dairy Free"}],"categoryTrees":[{"level0":"Frozen","level1":"Frozen Vegetables","level2":"Frozen Mixed Vegetables"}],"cateredFlag":false,"algoliaAnalytics":{"searchQueryID":"d1a5c7a14319656deeb8fcb45fffb739","searchPosition":551},"boughtBefore":false},{"productId":"5010664-EA-000","brand":"Copper Kettle","name":"Sea Salt & Vinegar Potato Chips","displayName":"150g","availability":["IN_STORE","ONLINE"],"saleType":"UNITS","restrictedFlag":false,"liquorFlag":false,"tobaccoFlag":false,"originRegulated":false,"singlePrice":{"price":275,"promoId":"129967122","comparativePrice":{"pricePerUnit":183,"unitQuantity":100,"unitQuantityUom":"g","measureDescription":"100g"}},"promotions":[{"promoId":"129967122","rewardValue":275,"decal":"6000","sapType":"BASE","rewardType":"NEW_PRICE","threshold":1,"limit":0,"multiProducts":false,"cardDependencyFlag":false,"bestPromotion":true,"comparativePrice":{"pricePerUnit":183,"unitQuantity":100,"unitQuantityUom":"g","measureDescription":"100g"}}],"facets":[{"itemCode":"00020004","itemDescription":"Gluten Free"},{"itemCode":"00020012","itemDescription":"Non-GMO"}],"categoryTrees":[{"level0":"Snacks, Treats & Easy Meals","level1":"Chips, Nuts & Snacks","level2":"Chips"},{"level0":"Pantry","level1":"Chips, Nuts & Snacks","level2":"Chips"}],"cateredFlag":false,"algoliaAnalytics":{"searchQueryID":"d1a5c7a14319656deeb8fcb45fffb739","searchPosition":552},"boughtBefore":false},{"productId":"5003761-EA-000","brand":"Pams","name":"Iodised Table Salt","displayName":"1kg","availability":["IN_STORE","ONLINE"],"saleType":"UNITS","restrictedFlag":false,"liquorFlag":false,"tobaccoFlag":false,"originRegulated":false,"singlePrice":{"price":149,"comparativePrice":{"pricePerUnit":1,"unitQuantity":10,"unitQuantityUom":"g","measureDescription":"10g"}},"facets":[{"itemCode":"00020012","itemDescription":"Non-GMO"}],"categoryTrees":[{"level0":"Pantry","level1":"Spices, Seasoning & Coatings","level2":"Salt & Pepper"},{"level0":"Featured","level1":"Pams","level2":"Spices & Seasonings"}],"cateredFlag":false,"algoliaAnalytics":{"searchQueryID":"d1a5c7a14319656deeb8fcb45fffb739","searchPosition":553},"boughtBefore":false},{"productId":"5003830-EA-000","brand":"Pams","name":"Pure Plain Flour","displayName":"5kg","availability":["IN_STORE","ONLINE"],"saleType":"UNITS","restrictedFlag":false,"liquorFlag":false,"tobaccoFlag":false,"originRegulated":false,"singlePrice":{"price":789,"comparativePrice":{"pricePerUnit":16,"unitQuantity":100,"unitQuantityUom":"g","measureDescription":"100g"}},"facets":[{"itemCode":"00020002","itemDescription":"Halal"},{"itemCode":"00020007","itemDescription":"Dairy Free"},{"itemCode":"00020012","itemDescription":"Non-GMO"}],"categoryTrees":[{"level0":"Pantry","level1":"Baking Supplies & Sugar","level2":"Flour"},{"level0":"Featured","level1":"Pams","level2":"Baking Supplies & Sugar"}],"cateredFlag":false,"algoliaAnalytics":{"searchQueryID":"d1a5c7a14319656deeb8fcb45fffb739","searchPosition":554},"boughtBefore":false},{"productId":"5218270-EA-000","brand":"Coca-Cola","name":"Classic Cans","displayName":"24 x 330ml","availability":["IN_STORE","ONLINE"],"saleType":"UNITS","restrictedFlag":false,"liquorFlag":false,"tobaccoFlag":false,"originRegulated":false,"singlePrice":{"price":2399,"comparativePrice":{"pricePerUnit":303,"unitQuantity":1,"unitQuantityUom":"L","measureDescription":"1L"}},"categoryTrees":[{"level0":"Hot & Cold Drinks","level1":"Soft Drinks & Mixers","level2":"Cola"},{"level0":"Hot & Cold Drinks","level1":"Soft Drinks & Mixers","level2":"Multipack Soft Drinks"}],"cateredFlag":false,"algoliaAnalytics":{"searchQueryID":"d1a5c7a14319656deeb8fcb45fffb739","searchPosition":555},"boughtBefore":false},{"productId":"5100303-KGM-000","name":"Lamb Loin Chops","displayName":"kg","availability":["IN_STORE","ONLINE"],"saleType":"WEIGHT","restrictedFlag":false,"liquorFlag":false,"tobaccoFlag":false,"originRegulated":true,"originStatement":"Product of New Zealand","variableWeight":{"unitOfMeasure":"g","averageWeight":80,"minOrderQuantity":250,"stepSize":100,"stepUnitOfMeasure":"g"},"singlePrice":{"price":3099,"comparativePrice":{"pricePerUnit":3099,"unitQuantity":1,"unitQuantityUom":"kg","measureDescription":"1kg"}},"categoryTrees":[{"level0":"Meat, Poultry & Seafood","level1":"Lamb","level2":"Lamb Chops & Cutlets"}],"cateredFlag":false,"algoliaAnalytics":{"searchQueryID":"d1a5c7a14319656deeb8fcb45fffb739","searchPosition":556},"boughtBefore":false},{"productId":"5040905-EA-000","brand":"Pams Fresh","name":"Tomatoes","displayName":"700g","availability":["IN_STORE","ONLINE"],"saleType":"UNITS","restrictedFlag":false,"liquorFlag":false,"tobaccoFlag":false,"originRegulated":true,"originStatement":"Product of New Zealand","singlePrice":{"price":449,"comparativePrice":{"pricePerUnit":641,"unitQuantity":1,"unitQuantityUom":"kg","measureDescription":"1kg"}},"facets":[{"itemCode":"00020007","itemDescription":"Dairy Free"},{"itemCode":"00020012","itemDescription":"Non-GMO"}],"categoryTrees":[{"level0":"Fruit & Vegetables","level1":"Vegetables","level2":"Tomatoes, Cucumber & Capsicum"}],"cateredFlag":false,"algoliaAnalytics":{"searchQueryID":"d1a5c7a14319656deeb8fcb45fffb739","searchPosition":557},"boughtBefore":false},{"productId":"5020541-EA-000","brand":"Mountain Dew","name":"Passionfruit Frenzy Soft Drink","displayName":"1.5l","availability":["IN_STORE","ONLINE"],"saleType":"UNITS","restrictedFlag":false,"liquorFlag":false,"tobaccoFlag":false,"originRegulated":false,"singlePrice":{"price":249,"promoId":"130029703","comparativePrice":{"pricePerUnit":166,"unitQuantity":1,"unitQuantityUom":"L","measureDescription":"1L"}},"promotions":[{"promoId":"130029703","rewardValue":249,"decal":"6000","sapType":"BASE","rewardType":"NEW_PRICE","threshold":1,"limit":0,"multiProducts":false,"cardDependencyFlag":false,"bestPromotion":true,"comparativePrice":{"pricePerUnit":166,"unitQuantity":1,"unitQuantityUom":"L","measureDescription":"1L"}}],"facets":[{"itemCode":"00020012","itemDescription":"Non-GMO"}],"categoryTrees":[{"level0":"Hot & Cold Drinks","level1":"Soft Drinks & Mixers","level2":"Other Soft Drinks"}],"cateredFlag":false,"algoliaAnalytics":{"searchQueryID":"d1a5c7a14319656deeb8fcb45fffb739","searchPosition":558},"boughtBefore":false},{"productId":"5041987-EA-000","brand":"Pams","name":"Resealable Medium Sandwich Bags 180 x 170mm","displayName":"50pk","availability":["IN_STORE","ONLINE"],"saleType":"UNITS","restrictedFlag":false,"liquorFlag":false,"tobaccoFlag":false,"originRegulated":false,"singlePrice":{"price":299,"comparativePrice":{"pricePerUnit":598,"unitQuantity":100,"unitQuantityUom":" ","measureDescription":"100"}},"facets":[{"itemCode":"00020012","itemDescription":"Non-GMO"}],"categoryTrees":[{"level0":"Household & Cleaning","level1":"Food Wrap, Storage & Bags","level2":"Sandwich, Snack & Storage Bags"},{"level0":"Featured","level1":"Pams","level2":"Household"}],"cateredFlag":false,"algoliaAnalytics":{"searchQueryID":"d1a5c7a14319656deeb8fcb45fffb739","searchPosition":559},"boughtBefore":false},{"productId":"5023555-EA-000","brand":"Beehive","name":"Shaved Honey Baked Ham","displayName":"2 x 100g","availability":["IN_STORE","ONLINE"],"saleType":"UNITS","restrictedFlag":false,"liquorFlag":false,"tobaccoFlag":false,"originRegulated":true,"originStatement":"Made in New Zealand using pork from pigs raised in one or more of the countries: Australia, Belgium, Canada, Denmark, Finland, France, Germany, Ireland, Netherlands, Poland, UK, Spain, Sweden, USA.","singlePrice":{"price":599,"comparativePrice":{"pricePerUnit":2995,"unitQuantity":1,"unitQuantityUom":"kg","measureDescription":"1kg"}},"facets":[{"itemCode":"00020009","itemDescription":"Low Fat"},{"itemCode":"00020004","itemDescription":"Gluten Free"}],"categoryTrees":[{"level0":"Fridge, Deli & Eggs","level1":"Deli Meats & Smoked Fish","level2":"Ham & Pork Slices"},{"level0":"Meat, Poultry & Seafood","level1":"Deli Meats","level2":"Ham & Pork Slices"},{"level0":"Featured","level1":"Back to School","level2":"Back to School Lunches","webContent":{"badgeSmallUrl":"","badgeMediumUrl":"","badgeLargeUrl":"","title":"","subTitle":"","campaignUrl":""},"appContent":{"badgeSmallUrl":"","badgeMediumUrl":"","badgeLargeUrl":"","title":"","subTitle":"","campaignUrl":""}}],"cateredFlag":false,"algoliaAnalytics":{"searchQueryID":"d1a5c7a14319656deeb8fcb45fffb739","searchPosition":560},"boughtBefore":false},{"productId":"5204985-EA-000","brand":"Pams","name":"Diced Peaches In Juice","displayName":"410g","availability":["IN_STORE","ONLINE"],"saleType":"UNITS","restrictedFlag":false,"liquorFlag":false,"tobaccoFlag":false,"originRegulated":false,"singlePrice":{"price":179,"comparativePrice":{"pricePerUnit":437,"unitQuantity":1,"unitQuantityUom":"kg","measureDescription":"1kg"}},"facets":[{"itemCode":"00020012","itemDescription":"Non-GMO"}],"categoryTrees":[{"level0":"Pantry","level1":"Canned Foods & Packets","level2":"Canned Fruit"},{"level0":"Featured","level1":"Pams","level2":"Canned & Prepared Foods"}],"cateredFlag":false,"algoliaAnalytics":{"searchQueryID":"d1a5c7a14319656deeb8fcb45fffb739","searchPosition":561},"boughtBefore":false},{"productId":"5249655-EA-000","brand":"Cadbury Dairy Milk","name":"Fruit & Nut Chocolate Block","displayName":"180g","availability":["IN_STORE","ONLINE"],"saleType":"UNITS","restrictedFlag":false,"liquorFlag":false,"tobaccoFlag":false,"originRegulated":false,"singlePrice":{"price":329,"promoId":"130003271","comparativePrice":{"pricePerUnit":183,"unitQuantity":100,"unitQuantityUom":"g","measureDescription":"100g"}},"promotions":[{"promoId":"130003271","rewardValue":329,"decal":"6000","sapType":"BASE","rewardType":"NEW_PRICE","threshold":1,"limit":0,"multiProducts":false,"cardDependencyFlag":false,"bestPromotion":true,"comparativePrice":{"pricePerUnit":183,"unitQuantity":100,"unitQuantityUom":"g","measureDescription":"100g"}}],"facets":[{"itemCode":"00020012","itemDescription":"Non-GMO"}],"categoryTrees":[{"level0":"Snacks, Treats & Easy Meals","level1":"Chocolate, Sweets & Chewing Gum","level2":"Chocolate Blocks"},{"level0":"Pantry","level1":"Chocolate, Sweets & Chewing Gum","level2":"Chocolate Blocks"}],"cateredFlag":false,"algoliaAnalytics":{"searchQueryID":"d1a5c7a14319656deeb8fcb45fffb739","searchPosition":562},"boughtBefore":false},{"productId":"5025999-EA-000","brand":"Mainland","name":"Tasty Aged Cheddar Cheese","displayName":"1kg","availability":["IN_STORE","ONLINE"],"saleType":"UNITS","restrictedFlag":false,"liquorFlag":false,"tobaccoFlag":false,"originRegulated":false,"singlePrice":{"price":1869,"comparativePrice":{"pricePerUnit":187,"unitQuantity":100,"unitQuantityUom":"g","measureDescription":"100g"}},"facets":[{"itemCode":"00020012","itemDescription":"Non-GMO"}],"categoryTrees":[{"level0":"Fridge, Deli & Eggs","level1":"Cheese","level2":"Everyday Cheese Blocks"}],"cateredFlag":false,"algoliaAnalytics":{"searchQueryID":"d1a5c7a14319656deeb8fcb45fffb739","searchPosition":563},"boughtBefore":false},{"productId":"5253178-EA-000","brand":"Kellogg's","name":"Coco Pops Chex Breakfast Cereal","displayName":"500g","availability":["IN_STORE","ONLINE"],"saleType":"UNITS","restrictedFlag":false,"liquorFlag":false,"tobaccoFlag":false,"originRegulated":false,"singlePrice":{"price":1069,"comparativePrice":{"pricePerUnit":214,"unitQuantity":100,"unitQuantityUom":"g","measureDescription":"100g"}},"facets":[{"itemCode":"00020009","itemDescription":"Low Fat"}],"categoryTrees":[{"level0":"Pantry","level1":"Breakfast Cereals","level2":"Family Favourites"}],"cateredFlag":false,"algoliaAnalytics":{"searchQueryID":"d1a5c7a14319656deeb8fcb45fffb739","searchPosition":564},"boughtBefore":false},{"productId":"5005988-EA-000","brand":"Pams","name":"Mild Chilli Beans","displayName":"425g","availability":["IN_STORE","ONLINE"],"saleType":"UNITS","restrictedFlag":false,"liquorFlag":false,"tobaccoFlag":false,"originRegulated":false,"singlePrice":{"price":249,"comparativePrice":{"pricePerUnit":59,"unitQuantity":100,"unitQuantityUom":"g","measureDescription":"100g"}},"facets":[{"itemCode":"00020012","itemDescription":"Non-GMO"},{"itemCode":"00020009","itemDescription":"Low Fat"},{"itemCode":"00020007","itemDescription":"Dairy Free"}],"categoryTrees":[{"level0":"Pantry","level1":"Canned Foods & Packets","level2":"Chickpeas, Lentils & Beans"},{"level0":"Featured","level1":"Pams","level2":"Canned & Prepared Foods"}],"cateredFlag":false,"algoliaAnalytics":{"searchQueryID":"d1a5c7a14319656deeb8fcb45fffb739","searchPosition":565},"boughtBefore":false},{"productId":"5027957-EA-000","brand":"Tip Top","name":"Chocolate Ice Cream","displayName":"2l","availability":["IN_STORE","ONLINE"],"saleType":"UNITS","restrictedFlag":false,"liquorFlag":false,"tobaccoFlag":false,"originRegulated":false,"singlePrice":{"price":519,"comparativePrice":{"pricePerUnit":26,"unitQuantity":100,"unitQuantityUom":"ml","measureDescription":"100ml"}},"facets":[{"itemCode":"00020004","itemDescription":"Gluten Free"},{"itemCode":"00020012","itemDescription":"Non-GMO"}],"categoryTrees":[{"level0":"Frozen","level1":"Ice Cream & Sorbet","level2":"Ice Cream Tubs"}],"cateredFlag":false,"algoliaAnalytics":{"searchQueryID":"d1a5c7a14319656deeb8fcb45fffb739","searchPosition":566},"boughtBefore":false},{"productId":"5001575-EA-000","brand":"Arnott's","name":"Chocolate Scotch Finger Biscuits","displayName":"250g","availability":["IN_STORE","ONLINE"],"saleType":"UNITS","restrictedFlag":false,"liquorFlag":false,"tobaccoFlag":false,"originRegulated":false,"singlePrice":{"price":369,"comparativePrice":{"pricePerUnit":148,"unitQuantity":100,"unitQuantityUom":"g","measureDescription":"100g"}},"facets":[{"itemCode":"00020012","itemDescription":"Non-GMO"}],"categoryTrees":[{"level0":"Pantry","level1":"Biscuits & Crackers","level2":"Chocolate Biscuits & Cookies"}],"cateredFlag":false,"algoliaAnalytics":{"searchQueryID":"d1a5c7a14319656deeb8fcb45fffb739","searchPosition":567},"boughtBefore":false},{"productId":"5238244-EA-000","brand":"Diamond","name":"Angel Hair Pasta","displayName":"500g","availability":["IN_STORE","ONLINE"],"saleType":"UNITS","restrictedFlag":false,"liquorFlag":false,"tobaccoFlag":false,"originRegulated":false,"singlePrice":{"price":229,"promoId":"129964626","comparativePrice":{"pricePerUnit":46,"unitQuantity":100,"unitQuantityUom":"g","measureDescription":"100g"}},"promotions":[{"promoId":"129964626","rewardValue":229,"decal":"6000","sapType":"BASE","rewardType":"NEW_PRICE","threshold":1,"limit":0,"multiProducts":false,"cardDependencyFlag":false,"bestPromotion":true,"comparativePrice":{"pricePerUnit":46,"unitQuantity":100,"unitQuantityUom":"g","measureDescription":"100g"}}],"categoryTrees":[{"level0":"Pantry","level1":"Pasta, Rice & Noodles","level2":"Dried Pasta"}],"cateredFlag":false,"algoliaAnalytics":{"searchQueryID":"d1a5c7a14319656deeb8fcb45fffb739","searchPosition":568},"boughtBefore":false},{"productId":"5026009-EA-000","brand":"Nature's Fresh","name":"Original King Burger Buns","displayName":"8 x 90g","availability":["IN_STORE","ONLINE"],"saleType":"UNITS","restrictedFlag":false,"liquorFlag":false,"tobaccoFlag":false,"originRegulated":false,"singlePrice":{"price":499,"comparativePrice":{"pricePerUnit":62,"unitQuantity":1,"unitQuantityUom":"ea","measureDescription":"ea"}},"facets":[{"itemCode":"00020012","itemDescription":"Non-GMO"}],"categoryTrees":[{"level0":"Bakery","level1":"Burger Buns, Rolls & Garlic Bread","level2":"Burger Buns & Bread Rolls"}],"cateredFlag":false,"algoliaAnalytics":{"searchQueryID":"d1a5c7a14319656deeb8fcb45fffb739","searchPosition":569},"boughtBefore":false},{"productId":"5103251-EA-000","name":"Double Chocolate Muffins","displayName":"6pk","availability":["IN_STORE","ONLINE"],"saleType":"UNITS","restrictedFlag":false,"liquorFlag":false,"tobaccoFlag":false,"originRegulated":false,"singlePrice":{"price":599,"comparativePrice":{"pricePerUnit":100,"unitQuantity":1,"unitQuantityUom":"ea","measureDescription":"ea"}},"categoryTrees":[{"level0":"Bakery","level1":"Cakes, Muffins & Desserts","level2":"Cakes & Muffins"},{"level0":"Bakery","level1":"In-Store Bakery","level2":"Fresh Cakes, Muffins & Scones"},{"level0":"Featured","level1":"Back to School","level2":"Lunchbox Snacks","webContent":{"badgeSmallUrl":"","badgeMediumUrl":"","badgeLargeUrl":"","title":"","subTitle":"","campaignUrl":""},"appContent":{"badgeSmallUrl":"","badgeMediumUrl":"","badgeLargeUrl":"","title":"","subTitle":"","campaignUrl":""}}],"cateredFlag":false,"algoliaAnalytics":{"searchQueryID":"d1a5c7a14319656deeb8fcb45fffb739","searchPosition":570},"boughtBefore":false},{"productId":"5101256-EA-000","name":"Plain Long Rolls","displayName":"6pk","availability":["IN_STORE","ONLINE"],"saleType":"UNITS","restrictedFlag":false,"liquorFlag":false,"tobaccoFlag":false,"originRegulated":false,"singlePrice":{"price":419,"comparativePrice":{"pricePerUnit":70,"unitQuantity":1,"unitQuantityUom":"ea","measureDescription":"ea"}},"categoryTrees":[{"level0":"Bakery","level1":"In-Store Bakery","level2":"Fresh Bread Rolls & Buns"},{"level0":"Featured","level1":"Back to School","level2":"Back to School Lunches","webContent":{"badgeSmallUrl":"","badgeMediumUrl":"","badgeLargeUrl":"","title":"","subTitle":"","campaignUrl":""},"appContent":{"badgeSmallUrl":"","badgeMediumUrl":"","badgeLargeUrl":"","title":"","subTitle":"","campaignUrl":""}}],"cateredFlag":false,"algoliaAnalytics":{"searchQueryID":"d1a5c7a14319656deeb8fcb45fffb739","searchPosition":571},"boughtBefore":false},{"productId":"5106786-KGM-000","name":"NZ Lamb Pieces Bone In","displayName":"kg","availability":["IN_STORE","ONLINE"],"saleType":"WEIGHT","restrictedFlag":false,"liquorFlag":false,"tobaccoFlag":false,"originRegulated":true,"originStatement":"Product of New Zealand","variableWeight":{"minOrderQuantity":1600,"stepSize":100,"stepUnitOfMeasure":"g"},"singlePrice":{"price":2299,"comparativePrice":{"pricePerUnit":2299,"unitQuantity":1,"unitQuantityUom":"kg","measureDescription":"1kg"}},"categoryTrees":[{"level0":"Meat, Poultry & Seafood","level1":"Lamb","level2":"Roast Lamb & Large Cuts"}],"cateredFlag":false,"algoliaAnalytics":{"searchQueryID":"d1a5c7a14319656deeb8fcb45fffb739","searchPosition":572},"boughtBefore":false},{"productId":"5113469-EA-000","brand":"Leanne's Kitchen","name":"Pork and Prawn Dumplings","displayName":"250g","availability":["IN_STORE","ONLINE"],"saleType":"UNITS","restrictedFlag":false,"liquorFlag":false,"tobaccoFlag":false,"originRegulated":false,"singlePrice":{"price":349,"comparativePrice":{"pricePerUnit":140,"unitQuantity":100,"unitQuantityUom":"g","measureDescription":"100g"}},"categoryTrees":[{"level0":"Frozen","level1":"Frozen Dumplings, Pies & Snacks","level2":"Frozen Dumplings & Asian Snacks"}],"cateredFlag":false,"algoliaAnalytics":{"searchQueryID":"d1a5c7a14319656deeb8fcb45fffb739","searchPosition":573},"boughtBefore":false},{"productId":"5004962-EA-000","brand":"Pams","name":"Seasoned Frozen Potato Wedges","displayName":"750g","availability":["IN_STORE","ONLINE"],"saleType":"UNITS","restrictedFlag":false,"liquorFlag":false,"tobaccoFlag":false,"originRegulated":false,"singlePrice":{"price":429,"comparativePrice":{"pricePerUnit":572,"unitQuantity":1,"unitQuantityUom":"kg","measureDescription":"1kg"}},"facets":[{"itemCode":"00020011","itemDescription":"Low Sugar"},{"itemCode":"00020012","itemDescription":"Non-GMO"}],"categoryTrees":[{"level0":"Frozen","level1":"Frozen Chips & Hash Browns","level2":"Frozen Chips & Wedges"},{"level0":"Featured","level1":"Pams","level2":"Frozen Foods"}],"cateredFlag":false,"algoliaAnalytics":{"searchQueryID":"d1a5c7a14319656deeb8fcb45fffb739","searchPosition":574},"boughtBefore":false},{"productId":"5238245-EA-000","brand":"Diamond","name":"Vegetable Spirals Pasta","displayName":"450g","availability":["IN_STORE","ONLINE"],"saleType":"UNITS","restrictedFlag":false,"liquorFlag":false,"tobaccoFlag":false,"originRegulated":false,"singlePrice":{"price":229,"promoId":"129964657","comparativePrice":{"pricePerUnit":51,"unitQuantity":100,"unitQuantityUom":"g","measureDescription":"100g"}},"promotions":[{"promoId":"129964657","rewardValue":229,"decal":"6000","sapType":"BASE","rewardType":"NEW_PRICE","threshold":1,"limit":0,"multiProducts":false,"cardDependencyFlag":false,"bestPromotion":true,"comparativePrice":{"pricePerUnit":51,"unitQuantity":100,"unitQuantityUom":"g","measureDescription":"100g"}}],"categoryTrees":[{"level0":"Pantry","level1":"Pasta, Rice & Noodles","level2":"Dried Pasta"}],"cateredFlag":false,"algoliaAnalytics":{"searchQueryID":"d1a5c7a14319656deeb8fcb45fffb739","searchPosition":575},"boughtBefore":false},{"productId":"5007377-EA-000","brand":"Rolling Meadow","name":"Colby Cheese","displayName":"1kg","availability":["IN_STORE","ONLINE"],"saleType":"UNITS","restrictedFlag":false,"liquorFlag":false,"tobaccoFlag":false,"originRegulated":false,"singlePrice":{"price":1249,"promoId":"129964608","comparativePrice":{"pricePerUnit":125,"unitQuantity":100,"unitQuantityUom":"g","measureDescription":"100g"}},"promotions":[{"promoId":"129964608","rewardValue":1249,"decal":"6000","sapType":"BASE","rewardType":"NEW_PRICE","threshold":1,"limit":0,"multiProducts":false,"cardDependencyFlag":false,"bestPromotion":true,"comparativePrice":{"pricePerUnit":125,"unitQuantity":100,"unitQuantityUom":"g","measureDescription":"100g"}}],"facets":[{"itemCode":"00020004","itemDescription":"Gluten Free"},{"itemCode":"00020012","itemDescription":"Non-GMO"},{"itemCode":"00020014","itemDescription":"Vegetarian"},{"itemCode":"00020002","itemDescription":"Halal"}],"categoryTrees":[{"level0":"Fridge, Deli & Eggs","level1":"Cheese","level2":"Everyday Cheese Blocks"}],"cateredFlag":false,"algoliaAnalytics":{"searchQueryID":"d1a5c7a14319656deeb8fcb45fffb739","searchPosition":576},"boughtBefore":false},{"productId":"5033086-EA-000","brand":"Grandpa's Meat & Bacon Co.","name":"Manuka Smoked Streaky Bacon","displayName":"250g","availability":["IN_STORE","ONLINE"],"saleType":"UNITS","restrictedFlag":false,"liquorFlag":false,"tobaccoFlag":false,"originRegulated":true,"originStatement":"Made in New Zealand with pork from throughout Europe, (Denmark, Poland, Spain), or New Zealand or USA/Canada. Country of origin may vary depending on availability.","singlePrice":{"price":699,"comparativePrice":{"pricePerUnit":2796,"unitQuantity":1,"unitQuantityUom":"kg","measureDescription":"1kg"}},"facets":[{"itemCode":"00020012","itemDescription":"Non-GMO"}],"categoryTrees":[{"level0":"Fridge, Deli & Eggs","level1":"Deli Meats & Smoked Fish","level2":"Bacon"},{"level0":"Meat, Poultry & Seafood","level1":"Deli Meats","level2":"Bacon"}],"cateredFlag":false,"algoliaAnalytics":{"searchQueryID":"d1a5c7a14319656deeb8fcb45fffb739","searchPosition":577},"boughtBefore":false},{"productId":"5009823-EA-000","brand":"Whittaker's","name":"Chunks Creamy Milk Chocolate Bar","displayName":"50g","availability":["IN_STORE","ONLINE"],"saleType":"UNITS","restrictedFlag":false,"liquorFlag":false,"tobaccoFlag":false,"originRegulated":false,"singlePrice":{"price":199,"comparativePrice":{"pricePerUnit":398,"unitQuantity":100,"unitQuantityUom":"g","measureDescription":"100g"}},"categoryTrees":[{"level0":"Snacks, Treats & Easy Meals","level1":"Chocolate, Sweets & Chewing Gum","level2":"Single Chocolate Bars & Sweets"},{"level0":"Pantry","level1":"Chocolate, Sweets & Chewing Gum","level2":"Single Chocolate Bars & Sweets"}],"cateredFlag":false,"algoliaAnalytics":{"searchQueryID":"d1a5c7a14319656deeb8fcb45fffb739","searchPosition":578},"boughtBefore":false},{"productId":"5264181-EA-000","brand":"Pams","name":"Washed Agria Potatoes","displayName":"2kg","availability":["IN_STORE","ONLINE"],"saleType":"UNITS","restrictedFlag":false,"liquorFlag":false,"tobaccoFlag":false,"originRegulated":true,"originStatement":"Product of New Zealand","singlePrice":{"price":899,"comparativePrice":{"pricePerUnit":450,"unitQuantity":1,"unitQuantityUom":"kg","measureDescription":"1kg"}},"facets":[{"itemCode":"00020007","itemDescription":"Dairy Free"},{"itemCode":"00020012","itemDescription":"Non-GMO"}],"categoryTrees":[{"level0":"Fruit & Vegetables","level1":"Vegetables","level2":"Potato & Kumara"}],"cateredFlag":false,"algoliaAnalytics":{"searchQueryID":"d1a5c7a14319656deeb8fcb45fffb739","searchPosition":579},"boughtBefore":false},{"productId":"5208172-EA-000","brand":"Fresh Up","name":"Apple & Sum..Ahh Fruits Fruit Juice Drink","displayName":"1l","availability":["IN_STORE","ONLINE"],"saleType":"UNITS","restrictedFlag":false,"liquorFlag":false,"tobaccoFlag":false,"originRegulated":false,"singlePrice":{"price":179,"comparativePrice":{"pricePerUnit":179,"unitQuantity":1,"unitQuantityUom":"L","measureDescription":"1L"}},"facets":[{"itemCode":"00020012","itemDescription":"Non-GMO"}],"categoryTrees":[{"level0":"Hot & Cold Drinks","level1":"Juice & Smoothies","level2":"Fruit Juice"}],"cateredFlag":false,"algoliaAnalytics":{"searchQueryID":"d1a5c7a14319656deeb8fcb45fffb739","searchPosition":580},"boughtBefore":false},{"productId":"5010999-EA-000","brand":"Peckish","name":"Sea Salt & Vinegar Flavoured Rice Crackers","displayName":"90g","availability":["IN_STORE","ONLINE"],"saleType":"UNITS","restrictedFlag":false,"liquorFlag":false,"tobaccoFlag":false,"originRegulated":false,"singlePrice":{"price":179,"comparativePrice":{"pricePerUnit":199,"unitQuantity":100,"unitQuantityUom":"g","measureDescription":"100g"}},"facets":[{"itemCode":"00020004","itemDescription":"Gluten Free"}],"categoryTrees":[{"level0":"Pantry","level1":"Biscuits & Crackers","level2":"Rice Crackers"},{"level0":"Featured","level1":"Back to School","level2":"Lunchbox Snacks","webContent":{"badgeSmallUrl":"","badgeMediumUrl":"","badgeLargeUrl":"","title":"","subTitle":"","campaignUrl":""},"appContent":{"badgeSmallUrl":"","badgeMediumUrl":"","badgeLargeUrl":"","title":"","subTitle":"","campaignUrl":""}}],"cateredFlag":false,"algoliaAnalytics":{"searchQueryID":"d1a5c7a14319656deeb8fcb45fffb739","searchPosition":581},"boughtBefore":false},{"productId":"5009616-EA-000","brand":"Protex","name":"Antibacterial Fresh Long Lasting Freshness Bar Soap","displayName":"90g","availability":["IN_STORE","ONLINE"],"saleType":"UNITS","restrictedFlag":false,"liquorFlag":false,"tobaccoFlag":false,"originRegulated":false,"singlePrice":{"price":199,"comparativePrice":{"pricePerUnit":221,"unitQuantity":100,"unitQuantityUom":"g","measureDescription":"100g"}},"categoryTrees":[{"level0":"Health & Body","level1":"Bath, Shower & Soap","level2":"Soap Bars"}],"cateredFlag":false,"algoliaAnalytics":{"searchQueryID":"d1a5c7a14319656deeb8fcb45fffb739","searchPosition":582},"boughtBefore":false},{"productId":"5007378-EA-000","brand":"Rolling Meadow","name":"Edam Cheese","displayName":"1kg","availability":["IN_STORE","ONLINE"],"saleType":"UNITS","restrictedFlag":false,"liquorFlag":false,"tobaccoFlag":false,"originRegulated":false,"singlePrice":{"price":1249,"promoId":"129964608","comparativePrice":{"pricePerUnit":125,"unitQuantity":100,"unitQuantityUom":"g","measureDescription":"100g"}},"promotions":[{"promoId":"129964608","rewardValue":1249,"decal":"6000","sapType":"BASE","rewardType":"NEW_PRICE","threshold":1,"limit":0,"multiProducts":false,"cardDependencyFlag":false,"bestPromotion":true,"comparativePrice":{"pricePerUnit":125,"unitQuantity":100,"unitQuantityUom":"g","measureDescription":"100g"}}],"facets":[{"itemCode":"00020002","itemDescription":"Halal"},{"itemCode":"00020014","itemDescription":"Vegetarian"},{"itemCode":"00020004","itemDescription":"Gluten Free"},{"itemCode":"00020012","itemDescription":"Non-GMO"}],"categoryTrees":[{"level0":"Fridge, Deli & Eggs","level1":"Cheese","level2":"Everyday Cheese Blocks"}],"cateredFlag":false,"algoliaAnalytics":{"searchQueryID":"d1a5c7a14319656deeb8fcb45fffb739","searchPosition":583},"boughtBefore":false},{"productId":"5013073-EA-000","brand":"Hellers","name":"Shaved Manuka Smoked Ham","displayName":"200g","availability":["IN_STORE","ONLINE"],"saleType":"UNITS","restrictedFlag":false,"liquorFlag":false,"tobaccoFlag":false,"originRegulated":true,"originStatement":"M a d e  i n  N ew  Z e a l a n d w i t h  p o r k r a i s e d  in  a n y  o n e  o r  m o r e  o f  t h e  f o l l o wi n g  c o u n t r ie s :  C a n a d a , D e n m a r k , G e r m a n y , P o l a n d ,  S p a i n ,  US A  p l u s  ot h e r  l o c al  a n d  i m p o r t ed  i n g r e di e n ts .","singlePrice":{"price":579,"comparativePrice":{"pricePerUnit":2895,"unitQuantity":1,"unitQuantityUom":"kg","measureDescription":"1kg"}},"facets":[{"itemCode":"00020012","itemDescription":"Non-GMO"},{"itemCode":"00020007","itemDescription":"Dairy Free"},{"itemCode":"00020004","itemDescription":"Gluten Free"},{"itemCode":"00020009","itemDescription":"Low Fat"}],"categoryTrees":[{"level0":"Fridge, Deli & Eggs","level1":"Deli Meats & Smoked Fish","level2":"Ham & Pork Slices"},{"level0":"Meat, Poultry & Seafood","level1":"Deli Meats","level2":"Ham & Pork Slices"},{"level0":"Featured","level1":"Back to School","level2":"Back to School Lunches","webContent":{"badgeSmallUrl":"","badgeMediumUrl":"","badgeLargeUrl":"","title":"","subTitle":"","campaignUrl":""},"appContent":{"badgeSmallUrl":"","badgeMediumUrl":"","badgeLargeUrl":"","title":"","subTitle":"","campaignUrl":""}}],"cateredFlag":false,"algoliaAnalytics":{"searchQueryID":"d1a5c7a14319656deeb8fcb45fffb739","searchPosition":584},"boughtBefore":false},{"productId":"5037258-EA-000","brand":"Cussons Morning Fresh","name":"Lemon Dishwashing Liquid","displayName":"400ml","availability":["IN_STORE","ONLINE"],"saleType":"UNITS","restrictedFlag":false,"liquorFlag":false,"tobaccoFlag":false,"originRegulated":false,"singlePrice":{"price":249,"promoId":"129988921","comparativePrice":{"pricePerUnit":62,"unitQuantity":100,"unitQuantityUom":"ml","measureDescription":"100ml"}},"promotions":[{"promoId":"129988921","rewardValue":249,"decal":"6000","sapType":"BASE","rewardType":"NEW_PRICE","threshold":1,"limit":0,"multiProducts":false,"cardDependencyFlag":false,"bestPromotion":true,"comparativePrice":{"pricePerUnit":62,"unitQuantity":100,"unitQuantityUom":"ml","measureDescription":"100ml"}}],"facets":[{"itemCode":"00020012","itemDescription":"Non-GMO"}],"categoryTrees":[{"level0":"Household & Cleaning","level1":"Dishwashing","level2":"Dishwashing Liquid"}],"cateredFlag":false,"algoliaAnalytics":{"searchQueryID":"d1a5c7a14319656deeb8fcb45fffb739","searchPosition":585},"boughtBefore":false},{"productId":"5009325-EA-000","brand":"Fresh 'n Fruity","name":"Simply Strawberry Yoghurt","displayName":"12 x 100g","availability":["IN_STORE","ONLINE"],"saleType":"UNITS","restrictedFlag":false,"liquorFlag":false,"tobaccoFlag":false,"originRegulated":false,"singlePrice":{"price":899,"comparativePrice":{"pricePerUnit":75,"unitQuantity":100,"unitQuantityUom":"g","measureDescription":"100g"}},"facets":[{"itemCode":"00020012","itemDescription":"Non-GMO"},{"itemCode":"00020009","itemDescription":"Low Fat"}],"categoryTrees":[{"level0":"Fridge, Deli & Eggs","level1":"Yoghurt","level2":"Yoghurt Multi Packs & Single Serve"},{"level0":"Snacks, Treats & Easy Meals","level1":"Lunchbox Snacks","level2":"Yoghurt Pouches & Single Serve"},{"level0":"Featured","level1":"Back to School","level2":"Lunchbox Snacks","webContent":{"badgeSmallUrl":"","badgeMediumUrl":"","badgeLargeUrl":"","title":"","subTitle":"","campaignUrl":""},"appContent":{"badgeSmallUrl":"","badgeMediumUrl":"","badgeLargeUrl":"","title":"","subTitle":"","campaignUrl":""}},{"level0":"Featured","level1":"Back to School","level2":"Breakfast On The Go","webContent":{"badgeSmallUrl":"","badgeMediumUrl":"","badgeLargeUrl":"","title":"","subTitle":"","campaignUrl":""},"appContent":{"badgeSmallUrl":"","badgeMediumUrl":"","badgeLargeUrl":"","title":"","subTitle":"","campaignUrl":""}}],"cateredFlag":false,"algoliaAnalytics":{"searchQueryID":"d1a5c7a14319656deeb8fcb45fffb739","searchPosition":586},"boughtBefore":false},{"productId":"5040453-EA-000","brand":"Pams","name":"Foil Aluminium Refill 300mm Wide","displayName":"15m","availability":["IN_STORE","ONLINE"],"saleType":"UNITS","restrictedFlag":false,"liquorFlag":false,"tobaccoFlag":false,"originRegulated":false,"singlePrice":{"price":399,"comparativePrice":{"pricePerUnit":27,"unitQuantity":1,"unitQuantityUom":"m","measureDescription":"1m"}},"facets":[{"itemCode":"00020012","itemDescription":"Non-GMO"}],"categoryTrees":[{"level0":"Household & Cleaning","level1":"Food Wrap, Storage & Bags","level2":"Cling Wrap, Baking Paper & Foil"},{"level0":"Featured","level1":"Pams","level2":"Household"}],"cateredFlag":false,"algoliaAnalytics":{"searchQueryID":"d1a5c7a14319656deeb8fcb45fffb739","searchPosition":587},"boughtBefore":false},{"productId":"5011820-EA-000","brand":"Raro","name":"Favourites Raspberry Flavoured Beverage Mix","displayName":"3 x 80g","availability":["IN_STORE","ONLINE"],"saleType":"UNITS","restrictedFlag":false,"liquorFlag":false,"tobaccoFlag":false,"originRegulated":false,"singlePrice":{"price":179,"comparativePrice":{"pricePerUnit":75,"unitQuantity":100,"unitQuantityUom":"g","measureDescription":"100g"}},"facets":[{"itemCode":"00020012","itemDescription":"Non-GMO"}],"categoryTrees":[{"level0":"Hot & Cold Drinks","level1":"Syrups, Cordials & Powdered Drinks","level2":"Powdered Drinks"}],"cateredFlag":false,"algoliaAnalytics":{"searchQueryID":"d1a5c7a14319656deeb8fcb45fffb739","searchPosition":588},"boughtBefore":false},{"productId":"5007218-EA-000","brand":"Gopala","name":"Natural Thick & Creamy Natural Yoghurt","displayName":"750g","availability":["IN_STORE","ONLINE"],"saleType":"UNITS","restrictedFlag":false,"liquorFlag":false,"tobaccoFlag":false,"originRegulated":false,"singlePrice":{"price":329,"comparativePrice":{"pricePerUnit":44,"unitQuantity":100,"unitQuantityUom":"g","measureDescription":"100g"}},"facets":[{"itemCode":"00020014","itemDescription":"Vegetarian"}],"categoryTrees":[{"level0":"Fridge, Deli & Eggs","level1":"Yoghurt","level2":"Greek & Natural Yoghurt"},{"level0":"Fridge, Deli & Eggs","level1":"Yoghurt","level2":"Large Yoghurt Tubs"}],"cateredFlag":false,"algoliaAnalytics":{"searchQueryID":"d1a5c7a14319656deeb8fcb45fffb739","searchPosition":589},"boughtBefore":false},{"productId":"5004779-EA-000","brand":"Pams","name":"Tomato Puree","displayName":"400g","availability":["IN_STORE","ONLINE"],"saleType":"UNITS","restrictedFlag":false,"liquorFlag":false,"tobaccoFlag":false,"originRegulated":false,"singlePrice":{"price":149,"comparativePrice":{"pricePerUnit":37,"unitQuantity":100,"unitQuantityUom":"g","measureDescription":"100g"}},"facets":[{"itemCode":"00020009","itemDescription":"Low Fat"},{"itemCode":"00020012","itemDescription":"Non-GMO"},{"itemCode":"00020013","itemDescription":"Vegan"},{"itemCode":"00020007","itemDescription":"Dairy Free"},{"itemCode":"00020014","itemDescription":"Vegetarian"}],"categoryTrees":[{"level0":"Pantry","level1":"Cooking Sauces, Stocks & Marinades","level2":"Tomato Paste & Puree"},{"level0":"Featured","level1":"Pams","level2":"Sauces, Stock & Marinades"}],"cateredFlag":false,"algoliaAnalytics":{"searchQueryID":"d1a5c7a14319656deeb8fcb45fffb739","searchPosition":590},"boughtBefore":false},{"productId":"5037253-EA-000","brand":"Cussons Morning Fresh","name":"Lime Dishwashing Liquid","displayName":"400ml","availability":["IN_STORE","ONLINE"],"saleType":"UNITS","restrictedFlag":false,"liquorFlag":false,"tobaccoFlag":false,"originRegulated":false,"singlePrice":{"price":249,"promoId":"129988921","comparativePrice":{"pricePerUnit":62,"unitQuantity":100,"unitQuantityUom":"ml","measureDescription":"100ml"}},"promotions":[{"promoId":"129988921","rewardValue":249,"decal":"6000","sapType":"BASE","rewardType":"NEW_PRICE","threshold":1,"limit":0,"multiProducts":false,"cardDependencyFlag":false,"bestPromotion":true,"comparativePrice":{"pricePerUnit":62,"unitQuantity":100,"unitQuantityUom":"ml","measureDescription":"100ml"}}],"facets":[{"itemCode":"00020012","itemDescription":"Non-GMO"}],"categoryTrees":[{"level0":"Household & Cleaning","level1":"Dishwashing","level2":"Dishwashing Liquid"}],"cateredFlag":false,"algoliaAnalytics":{"searchQueryID":"d1a5c7a14319656deeb8fcb45fffb739","searchPosition":591},"boughtBefore":false},{"productId":"5021496-EA-000","brand":"SunRice","name":"Jasmine Rice","displayName":"1kg","availability":["IN_STORE","ONLINE"],"saleType":"UNITS","restrictedFlag":false,"liquorFlag":false,"tobaccoFlag":false,"originRegulated":false,"singlePrice":{"price":329,"comparativePrice":{"pricePerUnit":33,"unitQuantity":100,"unitQuantityUom":"g","measureDescription":"100g"}},"facets":[{"itemCode":"00020004","itemDescription":"Gluten Free"}],"categoryTrees":[{"level0":"Pantry","level1":"Pasta, Rice & Noodles","level2":"Rice"}],"cateredFlag":false,"algoliaAnalytics":{"searchQueryID":"d1a5c7a14319656deeb8fcb45fffb739","searchPosition":592},"boughtBefore":false},{"productId":"5008620-EA-000","brand":"Cleanskin","name":"Sauvignon Blanc","displayName":"750ml","availability":["IN_STORE","ONLINE"],"saleType":"UNITS","restrictedFlag":true,"liquorFlag":true,"tobaccoFlag":false,"originRegulated":false,"singlePrice":{"price":799},"facets":[{"itemCode":"00020012","itemDescription":"Non-GMO"}],"categoryTrees":[{"level0":"Beer, Wine & Cider","level1":"White Wine","level2":"Sauvignon Blanc"}],"cateredFlag":false,"algoliaAnalytics":{"searchQueryID":"d1a5c7a14319656deeb8fcb45fffb739","searchPosition":593},"boughtBefore":false},{"productId":"5210046-EA-000","brand":"Pams","name":"Strawberry Flavoured Dairy Drink","displayName":"6 x 80ml","availability":["IN_STORE","ONLINE"],"saleType":"UNITS","restrictedFlag":false,"liquorFlag":false,"tobaccoFlag":false,"originRegulated":false,"singlePrice":{"price":449,"comparativePrice":{"pricePerUnit":935,"unitQuantity":1,"unitQuantityUom":"L","measureDescription":"1L"}},"facets":[{"itemCode":"00020012","itemDescription":"Non-GMO"},{"itemCode":"00020002","itemDescription":"Halal"},{"itemCode":"00020009","itemDescription":"Low Fat"}],"categoryTrees":[{"level0":"Hot & Cold Drinks","level1":"Kombucha & Functional Drinks","level2":"Functional Drinks"},{"level0":"Fridge, Deli & Eggs","level1":"Yoghurt","level2":"Protein & Probiotic Yoghurt"},{"level0":"Featured","level1":"Pams","level2":"Cold Drinks"}],"cateredFlag":false,"algoliaAnalytics":{"searchQueryID":"d1a5c7a14319656deeb8fcb45fffb739","searchPosition":594},"boughtBefore":false},{"productId":"5021626-EA-000","brand":"Silk","name":"Aloe & Chamomile Lightly Fragranced Wipes","displayName":"80pk","availability":["IN_STORE","ONLINE"],"saleType":"UNITS","restrictedFlag":false,"liquorFlag":false,"tobaccoFlag":false,"originRegulated":false,"singlePrice":{"price":199,"promoId":"129968605","comparativePrice":{"pricePerUnit":249,"unitQuantity":100,"unitQuantityUom":" ","measureDescription":"100"}},"promotions":[{"promoId":"129968604","rewardValue":500,"decal":"6000","sapType":"LAYERED","rewardType":"NEW_PRICE","threshold":3,"multiProducts":true,"cardDependencyFlag":false,"bestPromotion":true,"comparativePrice":{"pricePerUnit":208,"unitQuantity":100,"unitQuantityUom":" ","measureDescription":"100"}}],"categoryTrees":[{"level0":"Baby & Toddler","level1":"Baby Wipes","level2":"Fragranced Wipes"},{"level0":"$5 Week 1","level1":"$5 Week 1","level2":"Deals","webContent":{"badgeSmallUrl":"","badgeMediumUrl":"","badgeLargeUrl":"","title":"","subTitle":"","campaignUrl":""},"appContent":{"badgeSmallUrl":"","badgeMediumUrl":"","badgeLargeUrl":"","title":"","subTitle":"","campaignUrl":""}}],"cateredFlag":false,"algoliaAnalytics":{"searchQueryID":"d1a5c7a14319656deeb8fcb45fffb739","searchPosition":595},"boughtBefore":false},{"productId":"5015077-EA-000","brand":"Hellers","name":"Shaved Honey Baked Ham","displayName":"100g","availability":["IN_STORE","ONLINE"],"saleType":"UNITS","restrictedFlag":false,"liquorFlag":false,"tobaccoFlag":false,"originRegulated":true,"originStatement":"Made in New Zealand with pork raised in any one or more of the following countries: Canada, Denmark, Germany, Poland, Spain, USA plus other local and imported ingredients.","singlePrice":{"price":289,"promoId":"129998409","comparativePrice":{"pricePerUnit":2890,"unitQuantity":1,"unitQuantityUom":"kg","measureDescription":"1kg"}},"promotions":[{"promoId":"130020077","rewardValue":500,"decal":"6000","sapType":"LAYERED","rewardType":"NEW_PRICE","threshold":2,"multiProducts":true,"cardDependencyFlag":false,"bestPromotion":true,"comparativePrice":{"pricePerUnit":2500,"unitQuantity":1,"unitQuantityUom":"kg","measureDescription":"1kg"}}],"facets":[{"itemCode":"00020012","itemDescription":"Non-GMO"},{"itemCode":"00020004","itemDescription":"Gluten Free"},{"itemCode":"00020009","itemDescription":"Low Fat"}],"categoryTrees":[{"level0":"Fridge, Deli & Eggs","level1":"Deli Meats & Smoked Fish","level2":"Ham & Pork Slices"},{"level0":"Meat, Poultry & Seafood","level1":"Deli Meats","level2":"Ham & Pork Slices"},{"level0":"$5 Week 1","level1":"$5 Week 1","level2":"Deals","webContent":{"badgeSmallUrl":"","badgeMediumUrl":"","badgeLargeUrl":"","title":"","subTitle":"","campaignUrl":""},"appContent":{"badgeSmallUrl":"","badgeMediumUrl":"","badgeLargeUrl":"","title":"","subTitle":"","campaignUrl":""}},{"level0":"Featured","level1":"Back to School","level2":"Back to School Lunches"}],"cateredFlag":false,"algoliaAnalytics":{"searchQueryID":"d1a5c7a14319656deeb8fcb45fffb739","searchPosition":596},"boughtBefore":false},{"productId":"5026088-EA-000","brand":"Galaxy","name":"Creamy Blue Cheese","displayName":"100g","availability":["IN_STORE","ONLINE"],"saleType":"UNITS","restrictedFlag":false,"liquorFlag":false,"tobaccoFlag":false,"originRegulated":false,"singlePrice":{"price":499,"comparativePrice":{"pricePerUnit":499,"unitQuantity":100,"unitQuantityUom":"g","measureDescription":"100g"}},"facets":[{"itemCode":"00020012","itemDescription":"Non-GMO"}],"categoryTrees":[{"level0":"Fridge, Deli & Eggs","level1":"Cheese","level2":"Blue Cheese"}],"cateredFlag":false,"algoliaAnalytics":{"searchQueryID":"d1a5c7a14319656deeb8fcb45fffb739","searchPosition":597},"boughtBefore":false},{"productId":"5019450-EA-000","brand":"Mother Earth","name":"Chocolate Chip Baked Oaty Slices","displayName":"240g","availability":["IN_STORE","ONLINE"],"saleType":"UNITS","restrictedFlag":false,"liquorFlag":false,"tobaccoFlag":false,"originRegulated":false,"singlePrice":{"price":379,"comparativePrice":{"pricePerUnit":158,"unitQuantity":100,"unitQuantityUom":"g","measureDescription":"100g"}},"facets":[{"itemCode":"00020014","itemDescription":"Vegetarian"},{"itemCode":"00020012","itemDescription":"Non-GMO"}],"categoryTrees":[{"level0":"Snacks, Treats & Easy Meals","level1":"Chips, Nuts & Snacks","level2":"Muesli & Snack Bars"},{"level0":"Pantry","level1":"Chips, Nuts & Snacks","level2":"Muesli & Snack Bars"},{"level0":"Snacks, Treats & Easy Meals","level1":"Lunchbox Snacks","level2":"Muesli & Snack Bars"}],"cateredFlag":false,"algoliaAnalytics":{"searchQueryID":"d1a5c7a14319656deeb8fcb45fffb739","searchPosition":598},"boughtBefore":false},{"productId":"5040673-EA-000","brand":"Pams Fresh","name":"Green & Red Cos Mix","displayName":"120g","availability":["IN_STORE","ONLINE"],"saleType":"UNITS","restrictedFlag":false,"liquorFlag":false,"tobaccoFlag":false,"originRegulated":true,"originStatement":"Product of New Zealand","singlePrice":{"price":399,"comparativePrice":{"pricePerUnit":3325,"unitQuantity":1,"unitQuantityUom":"kg","measureDescription":"1kg"}},"facets":[{"itemCode":"00020012","itemDescription":"Non-GMO"},{"itemCode":"00020007","itemDescription":"Dairy Free"}],"categoryTrees":[{"level0":"Fruit & Vegetables","level1":"Vegetables","level2":"Lettuce, Spinach & Salad Greens"},{"level0":"Fruit & Vegetables","level1":"Fresh Salad & Herbs","level2":"Lettuce, Spinach & Salad Greens"}],"cateredFlag":false,"algoliaAnalytics":{"searchQueryID":"d1a5c7a14319656deeb8fcb45fffb739","searchPosition":599},"boughtBefore":false},{"productId":"5010691-EA-000","brand":"Anchor","name":"Calci-Yum Milk With Banana Flavour","displayName":"250ml","availability":["IN_STORE","ONLINE"],"saleType":"UNITS","restrictedFlag":false,"liquorFlag":false,"tobaccoFlag":false,"originRegulated":false,"singlePrice":{"price":79,"comparativePrice":{"pricePerUnit":316,"unitQuantity":1,"unitQuantityUom":"L","measureDescription":"1L"}},"facets":[{"itemCode":"00020012","itemDescription":"Non-GMO"},{"itemCode":"00020009","itemDescription":"Low Fat"}],"categoryTrees":[{"level0":"Hot & Cold Drinks","level1":"Hot Chocolate & Milk Drinks","level2":"Flavoured Milk"},{"level0":"Fridge, Deli & Eggs","level1":"Milk","level2":"Flavoured Milk & Iced Coffee"}],"cateredFlag":false,"algoliaAnalytics":{"searchQueryID":"d1a5c7a14319656deeb8fcb45fffb739","searchPosition":600},"boughtBefore":false}],"algoliaSearchResult":{"facets":{"brand":{"Pams":809,"Wattie's":155,"Mrs Rogers":111,"Colgate":90,"Anchor":81,"Korbond":81,"Healtheries":80,"Tip Top":72,"Hellers":64,"VitaPet":63,"Gregg's":60,"Value":60,"Ceres Organics":56,"Continental":52,"Dettol":52,"Tasti":52,"Mainland":51,"Griffin's":50,"Maggi":50,"Pams Value":50,"Nivea":49,"Red Seal":49,"Dove":48,"Barker's":47,"Meadow Fresh":47,"Musashi":46,"Huggies":44,"Nestle":43,"Nescafe":41,"Palmolive":40,"McCain":39,"Bic":38,"Masterfoods":37,"Mother Earth":36,"Cadbury":35,"Delmaine":34,"Kellogg's":34,"Heinz":33,"Sealord":33,"Graze":31,"Lewis Road Creamery":31,"Sistema":31,"Whittaker's":31,"Chux":30,"Edmonds":30,"Jed's Coffee Co.":30,"The Collective":30,"Pams Finest":29,"Avalanche":28,"Bundaberg":28,"Energizer":28,"Whiskas":28,"Big Black Sacks":27,"Bluebird":27,"Glow Lab":27,"Kapiti":27,"Palmolive Naturals":27,"Arnott's":26,"Diamond":26,"Fresh To Go":26,"Hubbards":26,"Lindt":26,"Schweppes":26,"Farrah's":25,"Moccona":25,"Old El Paso":25,"Persil":25,"Philips":25,"Best":24,"Chef":24,"Fresh 'n Fruity":24,"Schick":24,"Tegel":24,"Eta":23,"Purina Fancy Feast":23,"Surv":23,"Dairyworks":22,"Dine":22,"Ecostore":22,"Harpic":22,"North Head":22,"San Remo":22,"Head & Shoulders":21,"John West":21,"Lee Kum Kee":21,"Rascals":21,"V":21,"Verkerks":21,"Chelsea":20,"Jacob's Creek":20,"Leggo's":20,"Only Organic":20,"Sanitarium Up & Go":20,"U By Kotex":20,"Campbell's":19,"Eveready":19,"Magnum":19,"Nivea Men":19,"Poise":19,"Schwarzkopf Extra Care":19},"tobacco":{"false":9994},"category1NI":{"Chips, Nuts & Snacks":445,"Canned Foods & Packets":347,"Pams":344,"Biscuits & Crackers":304,"Back to School":290,"Chocolate, Sweets & Chewing Gum":288,"Cooking Sauces, Stocks & Marinades":274,"Hair Care":265,"Stationery & Entertainment":257,"Cheese":238,"Lunchbox Snacks":235,"Spices, Seasoning & Coatings":234,"Baking Supplies & Sugar":231,"Coffee":226,"Table Sauces, Dressings & Condiments":225,"Pasta, Rice & Noodles":224,"Cat":213,"Ice Cream & Sorbet":204,"Yoghurt":202,"Cleaning & Accessories":199,"Easy Meals & Meal Kits":176,"Deli Meats & Smoked Fish":169,"Homewares":165,"Food Wrap, Storage & Bags":163,"Dental & Oral Care":159,"Bath, Shower & Soap":157,"Red Wine":156,"Dog":151,"Soft Drinks & Mixers":148,"Breakfast Cereals":146,"Skin Care & Sun Care":143,"Deli Meats":137,"Laundry":134,"White Wine":130,"Medical & First Aid":125,"$5 Week 1":117,"Juice & Smoothies":111,"Period & Continence Care":111,"World Foods":111,"Vegetables":107,"Dips, Hummus & Antipasti":103,"Vitamins & Supplements":101,"Milk":98,"Deodorant & Body Sprays":97,"Ready to Eat":95,"Batteries & Electrical":93,"Jams, Honey & Spreads":93,"Beer":92,"Tea":91,"Sports & Energy Drinks":90,"Bulk Foods":86,"Desserts":86,"Nappies & Changing":83,"Chilled Soups & Ready Meals":80,"Frozen Chicken & Meat":76,"Garage & Outdoor":76,"Baby & Toddler Food":74,"Sliced & Packaged Bread":72,"Kitchen Cleaners":71,"Cakes, Muffins & Desserts":67,"Hot Chocolate & Milk Drinks":67,"Shaving & Hair Removal":65,"Frozen Fish & Seafood":64,"Bathroom & Toilet Cleaners":61,"Fresh Salad & Herbs":61,"Sports Nutrition & Weight Management":60,"Frozen Vegetables":57,"In-Store Bakery":57,"Oil & Vinegar":56,"Frozen Dumplings, Pies & Snacks":53,"Dishwashing":52,"Frozen Pizza & Ready Meals":52,"Wraps, Pita & Flat Bread":50,"Butter & Margarine":48,"Frozen Fruit & Desserts":46,"Pest & Insect Control":46,"Syrups, Cordials & Powdered Drinks":46,"Long Life & Dairy Free Milk":45,"Chilled Pasta, Pizza & Garlic Bread":43,"Baby & Toddler Toiletries":41,"Toilet Paper, Tissues & Paper Towels":40,"Mince, Sausages & Meatballs":39,"Rose Wine":39,"Seafood":39,"Champagne & Sparkling Wine":38,"Baby Formula":37,"Frozen Chips & Hash Browns":36,"Fruit":36,"Bagels, Crumpets & Pancakes":35,"Cream, Custard & Desserts":34,"Craft Beer":31,"Water":31,"Chicken & Poultry":30,"Kombucha & Functional Drinks":29,"Clothing & Accessories":28,"Nursing & Feeding":28,"Alcohol Free Drinks":27,"Burger Buns, Rolls & Garlic Bread":26,"Cider":24,"Frozen Pastry & Bread":23},"onPromotion":{"61dd754e-8525-4b9e-9e08-173389eea8a8":2714,"c3f9e1a3-fc34-452d-af2e-95349e666ba4":2702,"715f0e22-95e0-45ce-af3a-07057209976e":2698,"4a279605-eaa8-470d-bcd4-0a9e3c9ab43b":2685,"5cf0392f-c187-4fc4-a463-eb269d2e8f45":2660,"90082979-fb9f-4305-9c72-83274fc438cc":2656,"b29a98bd-749c-489c-9eef-6aa38e66a29b":2631,"2ed73be8-936d-4f35-9398-75a707f40a7b":2560,"dbca5e00-f7f9-43ae-91de-031ad16f8a92":2548,"be4c4780-218e-425a-a90f-63e21773572b":2538,"8cd700ae-d96f-4761-bd7a-805d6b93536d":2460,"d8032da3-c1b9-456e-b626-41ce21f8c67b":2401,"3c5e3145-0767-4066-9349-6c0a1313acc5":2383,"bdc5ef4a-c6a7-4f8a-b8cb-28109e6d61c3":2266,"2a1b331a-fc4a-496a-b072-e97cc8f70cae":2066,"d6d39eea-889d-4e20-923c-55cab225cf7f":2060,"c2204dae-579e-4b6b-9d42-2e13ceaa6031":2057,"65defcf2-bc15-490e-a84f-1f13b769cd22":2047,"8f0d70be-5cb7-464b-99cb-8b0130671895":2024,"b92cc33f-b5a8-4b57-9b82-412946800020":1977,"3404c253-577f-45ca-b301-c98312e46efb":1965,"c0f80e87-16be-4488-9553-da437e8c6c2a":1954,"6e6809dd-01bc-45c9-aab1-f01ccd8338b0":1952,"3bfe040b-f0c9-45e0-949b-b9ad5a591d55":1940,"92086ded-a55d-4241-a364-7d7ea91531b4":1937,"48dd98cc-a757-4102-b15d-ea82b4b10571":1931,"49037947-e450-49bf-ba1f-a94551c79a72":1915,"21ecaaed-0749-4492-985e-4bb7ba43d59c":1903,"3bb30799-82ce-4648-8c02-5113228963ed":1895,"01a114de-149c-4f5f-80a1-90cc63f69c6e":1886,"c180a72d-5dbe-4403-b7c7-91655e505492":1877,"714431ab-6e39-4df6-ac77-cfc5c1e25bc8":1864,"e1925ea7-01bc-4358-ae7c-c6502da5ab12":1860,"64eab5b1-8d79-45f4-94f1-02b8cf8b6202":1857,"1c388d5e-29ac-4956-b476-cb3431353d2e":1852,"5f167936-79ae-4f6a-b9d2-74afe1bb096b":1845,"d1cd1fdd-8767-46a6-a8d3-c3e0632c2dc8":1845,"b2e98a14-c8ca-401e-99ed-edf74570c6f6":1838,"af385423-d0f1-41f0-9482-ffd10b745143":1829,"6cda96e1-7d29-44a6-956b-3fcfdecc8184":1820,"529d66cc-60e3-432e-b8d1-efc9f2ec4919":1815,"4fcc1c8e-cc5e-4675-ba25-5e56b579cf69":1800,"7d48a781-4f68-4c91-a908-8659e1b22f95":1773,"53989945-1a28-481d-a61c-d6f75f760ada":1767,"60561e46-ece7-43a7-b142-9b14812586e4":1765,"9cd8eb60-3222-4efc-bd7c-50e03e6a81a4":1761,"33d8d6fc-861a-45ff-9937-5ccdb55eaede":1756,"15e6f441-5c1c-4d25-b4ec-1adf918c49c7":1746,"98ec3885-ac93-4fcb-807b-59c9055c52c4":1730,"94ef1985-cab1-4b39-a2f3-230120f03c16":1727,"a7d09522-bee2-41e4-8fe0-0b82b7f342f5":1712,"6c73764e-b8e6-4e55-ad37-f6a9d207da1f":1700,"b83029b6-5dd5-449e-8056-26f3943a4e18":1699,"50b1216b-d066-4457-b88b-9bccf97bf6d3":1684,"3e82142c-78dc-46f3-82ec-28e65fcf84c9":1614,"b39562a4-2b72-43fe-b9ba-eda1d651ad0b":1577,"076e8177-943b-41fc-a885-ba3d28297acf":1534},"productFacets":{"Non-GMO":4194,"Gluten Free":1186,"Dairy Free":518,"Vegetarian":461,"Low Fat":431,"Vegan":397,"Low Sugar":355,"Organic":260,"Halal":229,"Free Range":100,"Cage Free":47,"Keto":27,"Low Salt":24,"Healthy Heart Tick":1}}},"algoliaFacetQueriesResults":[],"totalHits":1000,"page":11,"totalPages":20,"hitsPerPage":50},
{"tobaccoProducts":false,"products":[{"productId":"5102964-KGM-000","name":"NZ Pork Slices","displayName":"kg","availability":["IN_STORE","ONLINE"],"saleType":"WEIGHT","restrictedFlag":false,"liquorFlag":false,"tobaccoFlag":false,"originRegulated":true,"originStatement":"Product of New Zealand","variableWeight":{"minOrderQuantity":100,"stepSize":100,"stepUnitOfMeasure":"g"},"singlePrice":{"price":1999,"comparativePrice":{"pricePerUnit":1999,"unitQuantity":1,"unitQuantityUom":"kg","measureDescription":"1kg"}},"categoryTrees":[{"level0":"Meat, Poultry & Seafood","level1":"Pork & Ham","level2":"Pork Loins & Fillets"}],"cateredFlag":false,"algoliaAnalytics":{"searchQueryID":"8f7e37171435f631fafdc90220df32b4","searchPosition":501},"boughtBefore":false},{"productId":"5007356-EA-000","brand":"Pams","name":"Edam Cheese","displayName":"500g","availability":["IN_STORE","ONLINE"],"saleType":"UNITS","restrictedFlag":false,"liquorFlag":false,"tobaccoFlag":false,"originRegulated":false,"singlePrice":{"price":849,"comparativePrice":{"pricePerUnit":170,"unitQuantity":100,"unitQuantityUom":"g","measureDescription":"100g"}},"facets":[{"itemCode":"00020009","itemDescription":"Low Fat"},{"itemCode":"00020012","itemDescription":"Non-GMO"},{"itemCode":"00020014","itemDescription":"Vegetarian"}],"categoryTrees":[{"level0":"Fridge, Deli & Eggs","level1":"Cheese","level2":"Everyday Cheese Blocks"},{"level0":"Featured","level1":"Pams","level2":"Cheese"}],"cateredFlag":false,"algoliaAnalytics":{"searchQueryID":"8f7e37171435f631fafdc90220df32b4","searchPosition":502},"boughtBefore":false},{"productId":"5274519-EA-000","brand":"Fresh 'n Fruity","name":"Mixed Berry Yoghurt","displayName":"6 x 125g","availability":["IN_STORE","ONLINE"],"saleType":"UNITS","restrictedFlag":false,"liquorFlag":false,"tobaccoFlag":false,"originRegulated":false,"singlePrice":{"price":419,"promoId":"129963799","comparativePrice":{"pricePerUnit":56,"unitQuantity":100,"unitQuantityUom":"g","measureDescription":"100g"}},"promotions":[{"promoId":"129963799","rewardValue":419,"decal":"6000","sapType":"BASE","rewardType":"NEW_PRICE","threshold":1,"limit":0,"multiProducts":false,"cardDependencyFlag":false,"bestPromotion":true,"comparativePrice":{"pricePerUnit":56,"unitQuantity":100,"unitQuantityUom":"g","measureDescription":"100g"}}],"facets":[{"itemCode":"00020009","itemDescription":"Low Fat"},{"itemCode":"00020012","itemDescription":"Non-GMO"}],"categoryTrees":[{"level0":"Fridge, Deli & Eggs","level1":"Yoghurt","level2":"Yoghurt Multi Packs & Single Serve"},{"level0":"Snacks, Treats & Easy Meals","level1":"Lunchbox Snacks","level2":"Yoghurt Pouches & Single Serve"},{"level0":"Featured","level1":"Back to School","level2":"Breakfast On The Go","webContent":{"badgeSmallUrl":"","badgeMediumUrl":"","badgeLargeUrl":"","title":"","subTitle":"","campaignUrl":""},"appContent":{"badgeSmallUrl":"","badgeMediumUrl":"","badgeLargeUrl":"","title":"","subTitle":"","campaignUrl":""}}],"cateredFlag":false,"algoliaAnalytics":{"searchQueryID":"8f7e37171435f631fafdc90220df32b4","searchPosition":503},"boughtBefore":false},{"productId":"5030912-EA-000","brand":"Cadbury Favourites","name":"Chocolates","displayName":"265g","availability":["IN_STORE","ONLINE"],"saleType":"UNITS","restrictedFlag":false,"liquorFlag":false,"tobaccoFlag":false,"originRegulated":false,"singlePrice":{"price":1179,"comparativePrice":{"pricePerUnit":445,"unitQuantity":100,"unitQuantityUom":"g","measureDescription":"100g"}},"facets":[{"itemCode":"00020012","itemDescription":"Non-GMO"}],"categoryTrees":[{"level0":"Snacks, Treats & Easy Meals","level1":"Chocolate, Sweets & Chewing Gum","level2":"Chocolate Boxes & Gifts"},{"level0":"Pantry","level1":"Chocolate, Sweets & Chewing Gum","level2":"Chocolate Boxes & Gifts"}],"cateredFlag":false,"algoliaAnalytics":{"searchQueryID":"8f7e37171435f631fafdc90220df32b4","searchPosition":504},"boughtBefore":false},{"productId":"5027137-EA-000","brand":"Meadow Fresh","name":"Traditional Sour Cream","displayName":"125g","availability":["IN_STORE","ONLINE"],"saleType":"UNITS","restrictedFlag":false,"liquorFlag":false,"tobaccoFlag":false,"originRegulated":false,"singlePrice":{"price":219,"comparativePrice":{"pricePerUnit":175,"unitQuantity":100,"unitQuantityUom":"g","measureDescription":"100g"}},"facets":[{"itemCode":"00020002","itemDescription":"Halal"},{"itemCode":"00020004","itemDescription":"Gluten Free"},{"itemCode":"00020012","itemDescription":"Non-GMO"}],"categoryTrees":[{"level0":"Fridge, Deli & Eggs","level1":"Cream, Custard & Desserts","level2":"Sour Cream & Crme Fraiche"}],"cateredFlag":false,"algoliaAnalytics":{"searchQueryID":"8f7e37171435f631fafdc90220df32b4","searchPosition":505},"boughtBefore":false},{"productId":"5205402-EA-000","brand":"Pams","name":"Lite Olive Oil Spread","displayName":"500g","availability":["IN_STORE","ONLINE"],"saleType":"UNITS","restrictedFlag":false,"liquorFlag":false,"tobaccoFlag":false,"originRegulated":false,"singlePrice":{"price":399,"comparativePrice":{"pricePerUnit":80,"unitQuantity":100,"unitQuantityUom":"g","measureDescription":"100g"}},"facets":[{"itemCode":"00020012","itemDescription":"Non-GMO"}],"categoryTrees":[{"level0":"Fridge, Deli & Eggs","level1":"Butter & Margarine","level2":"Dairy Free Spreads"},{"level0":"Featured","level1":"Pams","level2":"Dairy & Eggs"}],"cateredFlag":false,"algoliaAnalytics":{"searchQueryID":"8f7e37171435f631fafdc90220df32b4","searchPosition":506},"boughtBefore":false},{"productId":"5040924-EA-000","brand":"Pams","name":"Resealable Sandwich Bags 180 x 190mm","displayName":"30pk","availability":["IN_STORE","ONLINE"],"saleType":"UNITS","restrictedFlag":false,"liquorFlag":false,"tobaccoFlag":false,"originRegulated":false,"singlePrice":{"price":189,"comparativePrice":{"pricePerUnit":6,"unitQuantity":1,"unitQuantityUom":"ea","measureDescription":"ea"}},"facets":[{"itemCode":"00020012","itemDescription":"Non-GMO"}],"categoryTrees":[{"level0":"Household & Cleaning","level1":"Food Wrap, Storage & Bags","level2":"Sandwich, Snack & Storage Bags"},{"level0":"Featured","level1":"Pams","level2":"Household"}],"cateredFlag":false,"algoliaAnalytics":{"searchQueryID":"8f7e37171435f631fafdc90220df32b4","searchPosition":507},"boughtBefore":false},{"productId":"5006245-EA-000","brand":"Pams","name":"Fruit Salad In Juice","displayName":"410g","availability":["IN_STORE","ONLINE"],"saleType":"UNITS","restrictedFlag":false,"liquorFlag":false,"tobaccoFlag":false,"originRegulated":false,"singlePrice":{"price":179,"comparativePrice":{"pricePerUnit":437,"unitQuantity":1,"unitQuantityUom":"kg","measureDescription":"1kg"}},"facets":[{"itemCode":"00020002","itemDescription":"Halal"},{"itemCode":"00020012","itemDescription":"Non-GMO"},{"itemCode":"00020007","itemDescription":"Dairy Free"}],"categoryTrees":[{"level0":"Pantry","level1":"Canned Foods & Packets","level2":"Canned Fruit"},{"level0":"Featured","level1":"Pams","level2":"Canned & Prepared Foods"}],"cateredFlag":false,"algoliaAnalytics":{"searchQueryID":"8f7e37171435f631fafdc90220df32b4","searchPosition":508},"boughtBefore":false},{"productId":"5036351-EA-000","brand":"The Natural Confectionery Co.","name":"Party Mix","displayName":"220g","availability":["IN_STORE","ONLINE"],"saleType":"UNITS","restrictedFlag":false,"liquorFlag":false,"tobaccoFlag":false,"originRegulated":false,"singlePrice":{"price":379,"comparativePrice":{"pricePerUnit":172,"unitQuantity":100,"unitQuantityUom":"g","measureDescription":"100g"}},"facets":[{"itemCode":"00020012","itemDescription":"Non-GMO"}],"categoryTrees":[{"level0":"Snacks, Treats & Easy Meals","level1":"Chocolate, Sweets & Chewing Gum","level2":"Lollies, Sweets & Licorice"},{"level0":"Pantry","level1":"Chocolate, Sweets & Chewing Gum","level2":"Lollies, Sweets & Licorice"}],"cateredFlag":false,"algoliaAnalytics":{"searchQueryID":"8f7e37171435f631fafdc90220df32b4","searchPosition":509},"boughtBefore":false},{"productId":"5013194-EA-000","brand":"Samba","name":"Firelighters","displayName":"36pk","availability":["IN_STORE","ONLINE"],"saleType":"UNITS","restrictedFlag":false,"liquorFlag":false,"tobaccoFlag":false,"originRegulated":false,"singlePrice":{"price":359,"comparativePrice":{"pricePerUnit":10,"unitQuantity":1,"unitQuantityUom":"ea","measureDescription":"ea"}},"categoryTrees":[{"level0":"Household & Cleaning","level1":"Garage & Outdoor","level2":"Fire Needs"}],"cateredFlag":false,"algoliaAnalytics":{"searchQueryID":"8f7e37171435f631fafdc90220df32b4","searchPosition":510},"boughtBefore":false},{"productId":"5210253-EA-000","brand":"Surf","name":"Sunshine Citrus Laundry Powder","displayName":"1kg","availability":["IN_STORE","ONLINE"],"saleType":"UNITS","restrictedFlag":false,"liquorFlag":false,"tobaccoFlag":false,"originRegulated":false,"singlePrice":{"price":529,"comparativePrice":{"pricePerUnit":53,"unitQuantity":100,"unitQuantityUom":"g","measureDescription":"100g"}},"facets":[{"itemCode":"00020012","itemDescription":"Non-GMO"}],"categoryTrees":[{"level0":"Household & Cleaning","level1":"Laundry","level2":"Laundry Powder"}],"cateredFlag":false,"algoliaAnalytics":{"searchQueryID":"8f7e37171435f631fafdc90220df32b4","searchPosition":511},"boughtBefore":false},{"productId":"5092689-EA-000","brand":"Pams Value","name":"Choc Chip Family Favourite Cookies","displayName":"325g","availability":["IN_STORE","ONLINE"],"saleType":"UNITS","restrictedFlag":false,"liquorFlag":false,"tobaccoFlag":false,"originRegulated":false,"singlePrice":{"price":219,"comparativePrice":{"pricePerUnit":67,"unitQuantity":100,"unitQuantityUom":"g","measureDescription":"100g"}},"facets":[{"itemCode":"00020012","itemDescription":"Non-GMO"}],"categoryTrees":[{"level0":"Pantry","level1":"Biscuits & Crackers","level2":"Chocolate Biscuits & Cookies"}],"cateredFlag":false,"algoliaAnalytics":{"searchQueryID":"8f7e37171435f631fafdc90220df32b4","searchPosition":512},"boughtBefore":false},{"productId":"5008486-EA-000","brand":"Wattie's","name":"Sliced Beetroot","displayName":"450g","availability":["IN_STORE","ONLINE"],"saleType":"UNITS","restrictedFlag":false,"liquorFlag":false,"tobaccoFlag":false,"originRegulated":false,"singlePrice":{"price":179,"promoId":"129966124","comparativePrice":{"pricePerUnit":398,"unitQuantity":1,"unitQuantityUom":"kg","measureDescription":"1kg"}},"promotions":[{"promoId":"129966124","rewardValue":179,"decal":"6000","sapType":"BASE","rewardType":"NEW_PRICE","threshold":1,"limit":0,"multiProducts":false,"cardDependencyFlag":false,"bestPromotion":true,"comparativePrice":{"pricePerUnit":398,"unitQuantity":1,"unitQuantityUom":"kg","measureDescription":"1kg"}}],"facets":[{"itemCode":"00020012","itemDescription":"Non-GMO"}],"categoryTrees":[{"level0":"Pantry","level1":"Canned Foods & Packets","level2":"Canned & Dried Vegetables"}],"cateredFlag":false,"algoliaAnalytics":{"searchQueryID":"8f7e37171435f631fafdc90220df32b4","searchPosition":513},"boughtBefore":false},{"productId":"5030437-EA-000","brand":"Healtheries","name":"Chicken Potato Stix","displayName":"160g","availability":["IN_STORE","ONLINE"],"saleType":"UNITS","restrictedFlag":false,"liquorFlag":false,"tobaccoFlag":false,"originRegulated":false,"marketingInitiatives":[{"initiativeCode":"AOV"}],"singlePrice":{"price":479,"promoId":"129966251","comparativePrice":{"pricePerUnit":299,"unitQuantity":100,"unitQuantityUom":"g","measureDescription":"100g"}},"promotions":[{"promoId":"129966251","rewardValue":479,"decal":"6000","sapType":"BASE","rewardType":"NEW_PRICE","threshold":1,"limit":0,"multiProducts":false,"cardDependencyFlag":false,"bestPromotion":true,"comparativePrice":{"pricePerUnit":299,"unitQuantity":100,"unitQuantityUom":"g","measureDescription":"100g"}}],"categoryTrees":[{"level0":"Snacks, Treats & Easy Meals","level1":"Chips, Nuts & Snacks","level2":"Vege & Savoury Snacks"},{"level0":"Pantry","level1":"Chips, Nuts & Snacks","level2":"Vege & Savoury Snacks"}],"cateredFlag":false,"algoliaAnalytics":{"searchQueryID":"8f7e37171435f631fafdc90220df32b4","searchPosition":514},"boughtBefore":false},{"productId":"5259855-EA-000","brand":"Country Pride","name":"Ham & Chicken Flavoured Premium Luncheon","displayName":"200g","availability":["IN_STORE","ONLINE"],"saleType":"UNITS","restrictedFlag":false,"liquorFlag":false,"tobaccoFlag":false,"originRegulated":true,"originStatement":"Product of New Zealand","singlePrice":{"price":379,"promoId":"129978332","comparativePrice":{"pricePerUnit":1895,"unitQuantity":1,"unitQuantityUom":"kg","measureDescription":"1kg"}},"promotions":[{"promoId":"129978332","rewardValue":379,"decal":"6000","sapType":"BASE","rewardType":"NEW_PRICE","threshold":1,"limit":0,"multiProducts":false,"cardDependencyFlag":false,"bestPromotion":true,"comparativePrice":{"pricePerUnit":1895,"unitQuantity":1,"unitQuantityUom":"kg","measureDescription":"1kg"}}],"facets":[{"itemCode":"00020004","itemDescription":"Gluten Free"}],"categoryTrees":[{"level0":"Fridge, Deli & Eggs","level1":"Deli Meats & Smoked Fish","level2":"Ham & Pork Slices"},{"level0":"Meat, Poultry & Seafood","level1":"Deli Meats","level2":"Ham & Pork Slices"}],"cateredFlag":false,"algoliaAnalytics":{"searchQueryID":"8f7e37171435f631fafdc90220df32b4","searchPosition":515},"boughtBefore":false},{"productId":"5010453-EA-000","brand":"Griffin's Toffee Pops","name":"Original Chocolate Biscuits","displayName":"200g","availability":["IN_STORE","ONLINE"],"saleType":"UNITS","restrictedFlag":false,"liquorFlag":false,"tobaccoFlag":false,"originRegulated":false,"marketingInitiatives":[{"initiativeCode":"AOV"}],"singlePrice":{"price":349,"promoId":"129963759","comparativePrice":{"pricePerUnit":175,"unitQuantity":100,"unitQuantityUom":"g","measureDescription":"100g"}},"promotions":[{"promoId":"129963759","rewardValue":349,"decal":"6000","sapType":"BASE","rewardType":"NEW_PRICE","threshold":1,"limit":0,"multiProducts":false,"cardDependencyFlag":false,"bestPromotion":true,"comparativePrice":{"pricePerUnit":175,"unitQuantity":100,"unitQuantityUom":"g","measureDescription":"100g"}}],"facets":[{"itemCode":"00020012","itemDescription":"Non-GMO"}],"categoryTrees":[{"level0":"Pantry","level1":"Biscuits & Crackers","level2":"Chocolate Biscuits & Cookies"}],"cateredFlag":false,"algoliaAnalytics":{"searchQueryID":"8f7e37171435f631fafdc90220df32b4","searchPosition":516},"boughtBefore":false},{"productId":"5085113-EA-000","brand":"Vogel's","name":"Sprouted Harvest Grains Toast Bread","displayName":"720g","availability":["IN_STORE","ONLINE"],"saleType":"UNITS","restrictedFlag":false,"liquorFlag":false,"tobaccoFlag":false,"originRegulated":false,"singlePrice":{"price":429,"comparativePrice":{"pricePerUnit":60,"unitQuantity":100,"unitQuantityUom":"g","measureDescription":"100g"}},"facets":[{"itemCode":"00020012","itemDescription":"Non-GMO"}],"categoryTrees":[{"level0":"Bakery","level1":"Sliced & Packaged Bread","level2":"Wholemeal, Grain & Seeded Bread"}],"cateredFlag":false,"algoliaAnalytics":{"searchQueryID":"8f7e37171435f631fafdc90220df32b4","searchPosition":517},"boughtBefore":false},{"productId":"5236679-EA-000","brand":"Live Plus","name":"Original Citrus Energy Drink","displayName":"500ml","availability":["IN_STORE","ONLINE"],"saleType":"UNITS","restrictedFlag":false,"liquorFlag":false,"tobaccoFlag":false,"originRegulated":false,"singlePrice":{"price":239,"comparativePrice":{"pricePerUnit":478,"unitQuantity":1,"unitQuantityUom":"L","measureDescription":"1L"}},"categoryTrees":[{"level0":"Hot & Cold Drinks","level1":"Sports & Energy Drinks","level2":"Energy Drinks"}],"cateredFlag":false,"algoliaAnalytics":{"searchQueryID":"8f7e37171435f631fafdc90220df32b4","searchPosition":518},"boughtBefore":false},{"productId":"5025903-EA-000","brand":"Trident","name":"Premium Coconut Milk","displayName":"400ml","availability":["IN_STORE","ONLINE"],"saleType":"UNITS","restrictedFlag":false,"liquorFlag":false,"tobaccoFlag":false,"originRegulated":false,"singlePrice":{"price":199,"promoId":"130007584","comparativePrice":{"pricePerUnit":50,"unitQuantity":100,"unitQuantityUom":"ml","measureDescription":"100ml"}},"promotions":[{"promoId":"130007584","rewardValue":199,"decal":"6000","sapType":"BASE","rewardType":"NEW_PRICE","threshold":1,"limit":0,"multiProducts":false,"cardDependencyFlag":false,"bestPromotion":true,"comparativePrice":{"pricePerUnit":50,"unitQuantity":100,"unitQuantityUom":"ml","measureDescription":"100ml"}}],"facets":[{"itemCode":"00020004","itemDescription":"Gluten Free"}],"categoryTrees":[{"level0":"Pantry","level1":"Canned Foods & Packets","level2":"Coconut Cream & Milk"}],"cateredFlag":false,"algoliaAnalytics":{"searchQueryID":"8f7e37171435f631fafdc90220df32b4","searchPosition":519},"boughtBefore":false},{"productId":"5017380-EA-000","brand":"Pams","name":"Tuna Chunks In Olive Oil Blend","displayName":"185g","availability":["IN_STORE","ONLINE"],"saleType":"UNITS","restrictedFlag":false,"liquorFlag":false,"tobaccoFlag":false,"originRegulated":false,"singlePrice":{"price":239,"comparativePrice":{"pricePerUnit":1292,"unitQuantity":1,"unitQuantityUom":"kg","measureDescription":"1kg"}},"facets":[{"itemCode":"00020012","itemDescription":"Non-GMO"}],"categoryTrees":[{"level0":"Pantry","level1":"Canned Foods & Packets","level2":"Canned Tuna"}],"cateredFlag":false,"algoliaAnalytics":{"searchQueryID":"8f7e37171435f631fafdc90220df32b4","searchPosition":520},"boughtBefore":false},{"productId":"5040461-EA-000","brand":"Pams Fresh","name":"Baby Cos Lettuce","displayName":"120g","availability":["IN_STORE","ONLINE"],"saleType":"UNITS","restrictedFlag":false,"liquorFlag":false,"tobaccoFlag":false,"originRegulated":true,"originStatement":"Product of New Zealand","singlePrice":{"price":399,"comparativePrice":{"pricePerUnit":3325,"unitQuantity":1,"unitQuantityUom":"kg","measureDescription":"1kg"}},"facets":[{"itemCode":"00020007","itemDescription":"Dairy Free"},{"itemCode":"00020012","itemDescription":"Non-GMO"}],"categoryTrees":[{"level0":"Fruit & Vegetables","level1":"Vegetables","level2":"Lettuce, Spinach & Salad Greens"},{"level0":"Fruit & Vegetables","level1":"Fresh Salad & Herbs","level2":"Lettuce, Spinach & Salad Greens"}],"cateredFlag":false,"algoliaAnalytics":{"searchQueryID":"8f7e37171435f631fafdc90220df32b4","searchPosition":521},"boughtBefore":false},{"productId":"5238276-EA-000","brand":"Diamond","name":"Boccoli Pasta","displayName":"500g","availability":["IN_STORE","ONLINE"],"saleType":"UNITS","restrictedFlag":false,"liquorFlag":false,"tobaccoFlag":false,"originRegulated":false,"singlePrice":{"price":229,"promoId":"129964657","comparativePrice":{"pricePerUnit":46,"unitQuantity":100,"unitQuantityUom":"g","measureDescription":"100g"}},"promotions":[{"promoId":"129964657","rewardValue":229,"decal":"6000","sapType":"BASE","rewardType":"NEW_PRICE","threshold":1,"limit":0,"multiProducts":false,"cardDependencyFlag":false,"bestPromotion":true,"comparativePrice":{"pricePerUnit":46,"unitQuantity":100,"unitQuantityUom":"g","measureDescription":"100g"}}],"categoryTrees":[{"level0":"Pantry","level1":"Pasta, Rice & Noodles","level2":"Dried Pasta"}],"cateredFlag":false,"algoliaAnalytics":{"searchQueryID":"8f7e37171435f631fafdc90220df32b4","searchPosition":522},"boughtBefore":false},{"productId":"5285120-EA-000","brand":"Arnott's Farmbake","name":"Choc Chip Biscuits","displayName":"310g","availability":["IN_STORE","ONLINE"],"saleType":"UNITS","restrictedFlag":false,"liquorFlag":false,"tobaccoFlag":false,"originRegulated":false,"singlePrice":{"price":339,"comparativePrice":{"pricePerUnit":109,"unitQuantity":100,"unitQuantityUom":"g","measureDescription":"100g"}},"facets":[{"itemCode":"00020012","itemDescription":"Non-GMO"}],"categoryTrees":[{"level0":"Pantry","level1":"Biscuits & Crackers","level2":"Chocolate Biscuits & Cookies"}],"cateredFlag":false,"algoliaAnalytics":{"searchQueryID":"8f7e37171435f631fafdc90220df32b4","searchPosition":523},"boughtBefore":false},{"productId":"5010136-EA-000","brand":"Colgate","name":"Cavity Protection Great Regular Flavour Toothpaste","displayName":"120g","availability":["IN_STORE","ONLINE"],"saleType":"UNITS","restrictedFlag":false,"liquorFlag":false,"tobaccoFlag":false,"originRegulated":false,"singlePrice":{"price":229,"comparativePrice":{"pricePerUnit":191,"unitQuantity":100,"unitQuantityUom":"g","measureDescription":"100g"}},"facets":[{"itemCode":"00020011","itemDescription":"Low Sugar"},{"itemCode":"00020004","itemDescription":"Gluten Free"},{"itemCode":"00020013","itemDescription":"Vegan"}],"categoryTrees":[{"level0":"Health & Body","level1":"Dental & Oral Care","level2":"Toothpaste"}],"cateredFlag":false,"algoliaAnalytics":{"searchQueryID":"8f7e37171435f631fafdc90220df32b4","searchPosition":524},"boughtBefore":false},{"productId":"5030249-EA-000","brand":"V","name":"Blue Guarana Energy Drink","displayName":"4 x 250ml","availability":["IN_STORE","ONLINE"],"saleType":"UNITS","restrictedFlag":false,"liquorFlag":false,"tobaccoFlag":false,"originRegulated":false,"singlePrice":{"price":799,"comparativePrice":{"pricePerUnit":799,"unitQuantity":1,"unitQuantityUom":"L","measureDescription":"1L"}},"facets":[{"itemCode":"00020012","itemDescription":"Non-GMO"}],"categoryTrees":[{"level0":"Hot & Cold Drinks","level1":"Sports & Energy Drinks","level2":"Energy Drinks"}],"cateredFlag":false,"algoliaAnalytics":{"searchQueryID":"8f7e37171435f631fafdc90220df32b4","searchPosition":525},"boughtBefore":false},{"productId":"5220024-EA-000","brand":"Gopala","name":"Greek Style Natural Yoghurt","displayName":"750g","availability":["IN_STORE","ONLINE"],"saleType":"UNITS","restrictedFlag":false,"liquorFlag":false,"tobaccoFlag":false,"originRegulated":false,"singlePrice":{"price":499,"comparativePrice":{"pricePerUnit":67,"unitQuantity":100,"unitQuantityUom":"g","measureDescription":"100g"}},"facets":[{"itemCode":"00020004","itemDescription":"Gluten Free"}],"categoryTrees":[{"level0":"Fridge, Deli & Eggs","level1":"Yoghurt","level2":"Greek & Natural Yoghurt"},{"level0":"Fridge, Deli & Eggs","level1":"Yoghurt","level2":"Large Yoghurt Tubs"}],"cateredFlag":false,"algoliaAnalytics":{"searchQueryID":"8f7e37171435f631fafdc90220df32b4","searchPosition":526},"boughtBefore":false},{"productId":"5002516-EA-000","brand":"Diamond","name":"Lasagna Pasta","displayName":"375g","availability":["IN_STORE","ONLINE"],"saleType":"UNITS","restrictedFlag":false,"liquorFlag":false,"tobaccoFlag":false,"originRegulated":false,"singlePrice":{"price":229,"promoId":"129964657","comparativePrice":{"pricePerUnit":61,"unitQuantity":100,"unitQuantityUom":"g","measureDescription":"100g"}},"promotions":[{"promoId":"129964657","rewardValue":229,"decal":"6000","sapType":"BASE","rewardType":"NEW_PRICE","threshold":1,"limit":0,"multiProducts":false,"cardDependencyFlag":false,"bestPromotion":true,"comparativePrice":{"pricePerUnit":61,"unitQuantity":100,"unitQuantityUom":"g","measureDescription":"100g"}}],"categoryTrees":[{"level0":"Pantry","level1":"Pasta, Rice & Noodles","level2":"Dried Pasta"}],"cateredFlag":false,"algoliaAnalytics":{"searchQueryID":"8f7e37171435f631fafdc90220df32b4","searchPosition":527},"boughtBefore":false},{"productId":"5006199-EA-000","brand":"Pams","name":"Crispy Coated Chicken Tenders","displayName":"1kg","availability":["IN_STORE","ONLINE"],"saleType":"UNITS","restrictedFlag":false,"liquorFlag":false,"tobaccoFlag":false,"originRegulated":true,"originStatement":"Product of New Zealand","singlePrice":{"price":1099,"comparativePrice":{"pricePerUnit":1099,"unitQuantity":1,"unitQuantityUom":"kg","measureDescription":"1kg"}},"facets":[{"itemCode":"00020012","itemDescription":"Non-GMO"},{"itemCode":"00020006","itemDescription":"Cage Free"}],"categoryTrees":[{"level0":"Frozen","level1":"Frozen Chicken & Meat","level2":"Frozen Coated Chicken & Nuggets"},{"level0":"Featured","level1":"Pams","level2":"Frozen Foods"}],"cateredFlag":false,"algoliaAnalytics":{"searchQueryID":"8f7e37171435f631fafdc90220df32b4","searchPosition":528},"boughtBefore":false},{"productId":"5010694-EA-000","brand":"Anchor","name":"Calci-Yum Strawberry Flavour Milk","displayName":"250ml","availability":["IN_STORE","ONLINE"],"saleType":"UNITS","restrictedFlag":false,"liquorFlag":false,"tobaccoFlag":false,"originRegulated":false,"singlePrice":{"price":79,"comparativePrice":{"pricePerUnit":316,"unitQuantity":1,"unitQuantityUom":"L","measureDescription":"1L"}},"facets":[{"itemCode":"00020012","itemDescription":"Non-GMO"},{"itemCode":"00020009","itemDescription":"Low Fat"}],"categoryTrees":[{"level0":"Hot & Cold Drinks","level1":"Hot Chocolate & Milk Drinks","level2":"Flavoured Milk"},{"level0":"Fridge, Deli & Eggs","level1":"Milk","level2":"Flavoured Milk & Iced Coffee"}],"cateredFlag":false,"algoliaAnalytics":{"searchQueryID":"8f7e37171435f631fafdc90220df32b4","searchPosition":529},"boughtBefore":false},{"productId":"5014110-EA-000","brand":"Ingham's","name":"Crumbed Chicken Chipees","displayName":"1kg","availability":["IN_STORE","ONLINE"],"saleType":"UNITS","restrictedFlag":false,"liquorFlag":false,"tobaccoFlag":false,"originRegulated":true,"originStatement":"Product of New Zealand","singlePrice":{"price":949,"promoId":"129966026","comparativePrice":{"pricePerUnit":949,"unitQuantity":1,"unitQuantityUom":"kg","measureDescription":"1kg"}},"promotions":[{"promoId":"129966026","rewardValue":949,"decal":"6000","sapType":"BASE","rewardType":"NEW_PRICE","threshold":1,"limit":0,"multiProducts":false,"cardDependencyFlag":false,"bestPromotion":true,"comparativePrice":{"pricePerUnit":949,"unitQuantity":1,"unitQuantityUom":"kg","measureDescription":"1kg"}}],"facets":[{"itemCode":"00020012","itemDescription":"Non-GMO"},{"itemCode":"00020006","itemDescription":"Cage Free"}],"categoryTrees":[{"level0":"Frozen","level1":"Frozen Chicken & Meat","level2":"Frozen Coated Chicken & Nuggets"}],"cateredFlag":false,"algoliaAnalytics":{"searchQueryID":"8f7e37171435f631fafdc90220df32b4","searchPosition":530},"boughtBefore":false},{"productId":"5008928-EA-000","brand":"Powerade","name":"Zero Sugar Mountain Blast Sports Drink","displayName":"750ml","availability":["IN_STORE","ONLINE"],"saleType":"UNITS","restrictedFlag":false,"liquorFlag":false,"tobaccoFlag":false,"originRegulated":false,"singlePrice":{"price":299,"comparativePrice":{"pricePerUnit":399,"unitQuantity":1,"unitQuantityUom":"L","measureDescription":"1L"}},"categoryTrees":[{"level0":"Hot & Cold Drinks","level1":"Sports & Energy Drinks","level2":"Sports Hydration Drinks"}],"cateredFlag":false,"algoliaAnalytics":{"searchQueryID":"8f7e37171435f631fafdc90220df32b4","searchPosition":531},"boughtBefore":false},{"productId":"5028934-EA-000","brand":"Pams","name":"Upside Down Tomato Sauce","displayName":"560g","availability":["IN_STORE","ONLINE"],"saleType":"UNITS","restrictedFlag":false,"liquorFlag":false,"tobaccoFlag":false,"originRegulated":false,"singlePrice":{"price":259,"comparativePrice":{"pricePerUnit":46,"unitQuantity":100,"unitQuantityUom":"g","measureDescription":"100g"}},"facets":[{"itemCode":"00020012","itemDescription":"Non-GMO"},{"itemCode":"00020007","itemDescription":"Dairy Free"}],"categoryTrees":[{"level0":"Pantry","level1":"Table Sauces, Dressings & Condiments","level2":"Tomato Sauce"},{"level0":"Featured","level1":"Pams","level2":"Sauces, Stock & Marinades"}],"cateredFlag":false,"algoliaAnalytics":{"searchQueryID":"8f7e37171435f631fafdc90220df32b4","searchPosition":532},"boughtBefore":false},{"productId":"5040586-EA-000","brand":"Freya's","name":"Lower Carb Soy & Linseed Bread","displayName":"750g","availability":["IN_STORE","ONLINE"],"saleType":"UNITS","restrictedFlag":false,"liquorFlag":false,"tobaccoFlag":false,"originRegulated":false,"singlePrice":{"price":449,"comparativePrice":{"pricePerUnit":60,"unitQuantity":100,"unitQuantityUom":"g","measureDescription":"100g"}},"facets":[{"itemCode":"00020012","itemDescription":"Non-GMO"}],"categoryTrees":[{"level0":"Bakery","level1":"Sliced & Packaged Bread","level2":"Wholemeal, Grain & Seeded Bread"},{"level0":"Bakery","level1":"Gluten Free, Low Carb & Keto","level2":"Low Carb & Keto"}],"cateredFlag":false,"algoliaAnalytics":{"searchQueryID":"8f7e37171435f631fafdc90220df32b4","searchPosition":533},"boughtBefore":false},{"productId":"5025408-EA-000","brand":"Wattie's","name":"Baked Beans In Tomato Sauce","displayName":"3 x 420g","availability":["IN_STORE","ONLINE"],"saleType":"UNITS","restrictedFlag":false,"liquorFlag":false,"tobaccoFlag":false,"originRegulated":false,"singlePrice":{"price":599,"comparativePrice":{"pricePerUnit":48,"unitQuantity":100,"unitQuantityUom":"g","measureDescription":"100g"}},"facets":[{"itemCode":"00020009","itemDescription":"Low Fat"},{"itemCode":"00020012","itemDescription":"Non-GMO"}],"categoryTrees":[{"level0":"Pantry","level1":"Canned Foods & Packets","level2":"Baked Beans & Spaghetti"}],"cateredFlag":false,"algoliaAnalytics":{"searchQueryID":"8f7e37171435f631fafdc90220df32b4","searchPosition":534},"boughtBefore":false},{"productId":"5003723-EA-000","brand":"Pams","name":"Cornflakes","displayName":"500g","availability":["IN_STORE","ONLINE"],"saleType":"UNITS","restrictedFlag":false,"liquorFlag":false,"tobaccoFlag":false,"originRegulated":false,"singlePrice":{"price":409,"comparativePrice":{"pricePerUnit":82,"unitQuantity":100,"unitQuantityUom":"g","measureDescription":"100g"}},"facets":[{"itemCode":"00020009","itemDescription":"Low Fat"},{"itemCode":"00020012","itemDescription":"Non-GMO"}],"categoryTrees":[{"level0":"Pantry","level1":"Breakfast Cereals","level2":"Everyday Cereal"},{"level0":"Featured","level1":"Pams","level2":"Breakfast Cereals"}],"cateredFlag":false,"algoliaAnalytics":{"searchQueryID":"8f7e37171435f631fafdc90220df32b4","searchPosition":535},"boughtBefore":false},{"productId":"5002367-EA-000","brand":"Wattie's","name":"Peach Slices With No Added Sugar","displayName":"400g","availability":["IN_STORE","ONLINE"],"saleType":"UNITS","restrictedFlag":false,"liquorFlag":false,"tobaccoFlag":false,"originRegulated":false,"singlePrice":{"price":329,"comparativePrice":{"pricePerUnit":823,"unitQuantity":1,"unitQuantityUom":"kg","measureDescription":"1kg"}},"promotions":[{"promoId":"129972516","rewardValue":500,"decal":"6000","sapType":"LAYERED","rewardType":"NEW_PRICE","threshold":2,"multiProducts":true,"cardDependencyFlag":false,"bestPromotion":true,"comparativePrice":{"pricePerUnit":625,"unitQuantity":1,"unitQuantityUom":"kg","measureDescription":"1kg"}}],"facets":[{"itemCode":"00020012","itemDescription":"Non-GMO"}],"categoryTrees":[{"level0":"Pantry","level1":"Canned Foods & Packets","level2":"Canned Fruit"},{"level0":"$5 Week 1","level1":"$5 Week 1","level2":"Deals","webContent":{"badgeSmallUrl":"","badgeMediumUrl":"","badgeLargeUrl":"","title":"","subTitle":"","campaignUrl":""},"appContent":{"badgeSmallUrl":"","badgeMediumUrl":"","badgeLargeUrl":"","title":"","subTitle":"","campaignUrl":""}}],"cateredFlag":false,"algoliaAnalytics":{"searchQueryID":"8f7e37171435f631fafdc90220df32b4","searchPosition":536},"boughtBefore":false},{"productId":"5027107-EA-000","brand":"Meadow Fresh","name":"Lite Cream Cheese","displayName":"250g","availability":["IN_STORE","ONLINE"],"saleType":"UNITS","restrictedFlag":false,"liquorFlag":false,"tobaccoFlag":false,"originRegulated":false,"singlePrice":{"price":459,"comparativePrice":{"pricePerUnit":184,"unitQuantity":100,"unitQuantityUom":"g","measureDescription":"100g"}},"facets":[{"itemCode":"00020014","itemDescription":"Vegetarian"},{"itemCode":"00020004","itemDescription":"Gluten Free"},{"itemCode":"00020012","itemDescription":"Non-GMO"}],"categoryTrees":[{"level0":"Fridge, Deli & Eggs","level1":"Cheese","level2":"Cream Cheese & Cottage Cheese"}],"cateredFlag":false,"algoliaAnalytics":{"searchQueryID":"8f7e37171435f631fafdc90220df32b4","searchPosition":537},"boughtBefore":false},{"productId":"5023615-EA-000","brand":"Beehive","name":"Shaved Beef Pastrami","displayName":"100g","availability":["IN_STORE","ONLINE"],"saleType":"UNITS","restrictedFlag":false,"liquorFlag":false,"tobaccoFlag":false,"originRegulated":true,"originStatement":"Product of New Zealand","singlePrice":{"price":259,"comparativePrice":{"pricePerUnit":2590,"unitQuantity":1,"unitQuantityUom":"kg","measureDescription":"1kg"}},"facets":[{"itemCode":"00020004","itemDescription":"Gluten Free"},{"itemCode":"00020009","itemDescription":"Low Fat"}],"categoryTrees":[{"level0":"Fridge, Deli & Eggs","level1":"Deli Meats & Smoked Fish","level2":"Beef & Lamb Slices"},{"level0":"Meat, Poultry & Seafood","level1":"Deli Meats","level2":"Beef & Lamb Slices"}],"cateredFlag":false,"algoliaAnalytics":{"searchQueryID":"8f7e37171435f631fafdc90220df32b4","searchPosition":538},"boughtBefore":false},{"productId":"5040709-EA-000","brand":"LeaderBrand","name":"Ranchslaw With Homestyle Dressing","displayName":"450g","availability":["IN_STORE","ONLINE"],"saleType":"UNITS","restrictedFlag":false,"liquorFlag":false,"tobaccoFlag":false,"originRegulated":true,"originStatement":"Product of New Zealand","singlePrice":{"price":499,"comparativePrice":{"pricePerUnit":1109,"unitQuantity":1,"unitQuantityUom":"kg","measureDescription":"1kg"}},"categoryTrees":[{"level0":"Fruit & Vegetables","level1":"Vegetables","level2":"Slaw & Salad Kits"},{"level0":"Fruit & Vegetables","level1":"Fresh Salad & Herbs","level2":"Slaw & Salad Kits"}],"cateredFlag":false,"algoliaAnalytics":{"searchQueryID":"8f7e37171435f631fafdc90220df32b4","searchPosition":539},"boughtBefore":false},{"productId":"5012132-EA-000","brand":"Fresh 'n Fruity","name":"Mixed Berry Yoghurt","displayName":"1kg","availability":["IN_STORE","ONLINE"],"saleType":"UNITS","restrictedFlag":false,"liquorFlag":false,"tobaccoFlag":false,"originRegulated":false,"singlePrice":{"price":529,"comparativePrice":{"pricePerUnit":53,"unitQuantity":100,"unitQuantityUom":"g","measureDescription":"100g"}},"facets":[{"itemCode":"00020009","itemDescription":"Low Fat"},{"itemCode":"00020012","itemDescription":"Non-GMO"}],"categoryTrees":[{"level0":"Fridge, Deli & Eggs","level1":"Yoghurt","level2":"Large Yoghurt Tubs"}],"cateredFlag":false,"algoliaAnalytics":{"searchQueryID":"8f7e37171435f631fafdc90220df32b4","searchPosition":540},"boughtBefore":false},{"productId":"5110200-KGM-000","name":"Bluff Salmon Fillet Skin On","displayName":"kg","availability":["IN_STORE","ONLINE"],"saleType":"WEIGHT","restrictedFlag":false,"liquorFlag":false,"tobaccoFlag":false,"originRegulated":true,"originStatement":"Product of New Zealand","variableWeight":{"minOrderQuantity":100,"stepSize":100,"stepUnitOfMeasure":"g"},"singlePrice":{"price":5789,"comparativePrice":{"pricePerUnit":5789,"unitQuantity":1,"unitQuantityUom":"kg","measureDescription":"1kg"}},"categoryTrees":[{"level0":"Meat, Poultry & Seafood","level1":"Seafood","level2":"Fish Fillets"}],"cateredFlag":false,"algoliaAnalytics":{"searchQueryID":"8f7e37171435f631fafdc90220df32b4","searchPosition":541},"boughtBefore":false},{"productId":"5002114-EA-000","brand":"Huggies","name":"Fragrance Free Baby Wipes","displayName":"80pk","availability":["IN_STORE","ONLINE"],"saleType":"UNITS","restrictedFlag":false,"liquorFlag":false,"tobaccoFlag":false,"originRegulated":false,"singlePrice":{"price":399,"comparativePrice":{"pricePerUnit":499,"unitQuantity":100,"unitQuantityUom":" ","measureDescription":"100"}},"categoryTrees":[{"level0":"Baby & Toddler","level1":"Baby Wipes","level2":"Fragrance Free Wipes"}],"cateredFlag":false,"algoliaAnalytics":{"searchQueryID":"8f7e37171435f631fafdc90220df32b4","searchPosition":542},"boughtBefore":false},{"productId":"5256568-EA-000","brand":"Griffin's","name":"Jaffa Thins Biscuits","displayName":"180g","availability":["IN_STORE","ONLINE"],"saleType":"UNITS","restrictedFlag":false,"liquorFlag":false,"tobaccoFlag":false,"originRegulated":false,"singlePrice":{"price":319,"promoId":"130010298","comparativePrice":{"pricePerUnit":177,"unitQuantity":100,"unitQuantityUom":"g","measureDescription":"100g"}},"promotions":[{"promoId":"130010288","rewardValue":550,"decal":"6000","sapType":"LAYERED","rewardType":"NEW_PRICE","threshold":2,"multiProducts":true,"cardDependencyFlag":false,"bestPromotion":true,"comparativePrice":{"pricePerUnit":153,"unitQuantity":100,"unitQuantityUom":"g","measureDescription":"100g"}}],"facets":[{"itemCode":"00020012","itemDescription":"Non-GMO"}],"categoryTrees":[{"level0":"Pantry","level1":"Biscuits & Crackers","level2":"Chocolate Biscuits & Cookies"}],"cateredFlag":false,"algoliaAnalytics":{"searchQueryID":"8f7e37171435f631fafdc90220df32b4","searchPosition":543},"boughtBefore":false},{"productId":"5002314-EA-000","brand":"Wattie's","name":"Peaches Sliced In Clear Fruit Juice","displayName":"410g","availability":["IN_STORE","ONLINE"],"saleType":"UNITS","restrictedFlag":false,"liquorFlag":false,"tobaccoFlag":false,"originRegulated":false,"marketingInitiatives":[{"initiativeCode":"AOV"}],"singlePrice":{"price":329,"comparativePrice":{"pricePerUnit":802,"unitQuantity":1,"unitQuantityUom":"kg","measureDescription":"1kg"}},"promotions":[{"promoId":"129972516","rewardValue":500,"decal":"6000","sapType":"LAYERED","rewardType":"NEW_PRICE","threshold":2,"multiProducts":true,"cardDependencyFlag":false,"bestPromotion":true,"comparativePrice":{"pricePerUnit":610,"unitQuantity":1,"unitQuantityUom":"kg","measureDescription":"1kg"}}],"facets":[{"itemCode":"00020012","itemDescription":"Non-GMO"}],"categoryTrees":[{"level0":"Pantry","level1":"Canned Foods & Packets","level2":"Canned Fruit"},{"level0":"$5 Week 1","level1":"$5 Week 1","level2":"Deals","webContent":{"badgeSmallUrl":"","badgeMediumUrl":"","badgeLargeUrl":"","title":"","subTitle":"","campaignUrl":""},"appContent":{"badgeSmallUrl":"","badgeMediumUrl":"","badgeLargeUrl":"","title":"","subTitle":"","campaignUrl":""}}],"cateredFlag":false,"algoliaAnalytics":{"searchQueryID":"8f7e37171435f631fafdc90220df32b4","searchPosition":544},"boughtBefore":false},{"productId":"5009676-EA-000","brand":"Spam","name":"Classic Spiced Ham","displayName":"340g","availability":["IN_STORE","ONLINE"],"saleType":"UNITS","restrictedFlag":false,"liquorFlag":false,"tobaccoFlag":false,"originRegulated":false,"singlePrice":{"price":799,"comparativePrice":{"pricePerUnit":2350,"unitQuantity":1,"unitQuantityUom":"kg","measureDescription":"1kg"}},"facets":[{"itemCode":"00020012","itemDescription":"Non-GMO"}],"categoryTrees":[{"level0":"Pantry","level1":"Canned Foods & Packets","level2":"Canned Meat"}],"cateredFlag":false,"algoliaAnalytics":{"searchQueryID":"8f7e37171435f631fafdc90220df32b4","searchPosition":545},"boughtBefore":false},{"productId":"5005864-EA-000","brand":"Hellers","name":"Chunky Cheese Sausages","displayName":"1kg","availability":["IN_STORE","ONLINE"],"saleType":"UNITS","restrictedFlag":false,"liquorFlag":false,"tobaccoFlag":false,"originRegulated":false,"singlePrice":{"price":1149,"comparativePrice":{"pricePerUnit":1149,"unitQuantity":1,"unitQuantityUom":"kg","measureDescription":"1kg"}},"facets":[{"itemCode":"00020004","itemDescription":"Gluten Free"},{"itemCode":"00020012","itemDescription":"Non-GMO"}],"categoryTrees":[{"level0":"Meat, Poultry & Seafood","level1":"Mince, Sausages & Meatballs","level2":"Pre-Cooked Sausages"}],"cateredFlag":false,"algoliaAnalytics":{"searchQueryID":"8f7e37171435f631fafdc90220df32b4","searchPosition":546},"boughtBefore":false},{"productId":"5260078-EA-000","brand":"Effects","name":"Bath Ball With Suction Mount","displayName":"1pk","availability":["IN_STORE","ONLINE"],"saleType":"UNITS","restrictedFlag":false,"liquorFlag":false,"tobaccoFlag":false,"originRegulated":false,"singlePrice":{"price":299},"categoryTrees":[{"level0":"Household & Cleaning","level1":"Stationery & Entertainment","level2":"Toys"}],"cateredFlag":false,"algoliaAnalytics":{"searchQueryID":"8f7e37171435f631fafdc90220df32b4","searchPosition":547},"boughtBefore":false},{"productId":"5010440-EA-000","brand":"Arnott's Salada","name":"Original Crackers","displayName":"250g","availability":["IN_STORE","ONLINE"],"saleType":"UNITS","restrictedFlag":false,"liquorFlag":false,"tobaccoFlag":false,"originRegulated":false,"singlePrice":{"price":339,"comparativePrice":{"pricePerUnit":136,"unitQuantity":100,"unitQuantityUom":"g","measureDescription":"100g"}},"facets":[{"itemCode":"00020012","itemDescription":"Non-GMO"}],"categoryTrees":[{"level0":"Pantry","level1":"Biscuits & Crackers","level2":"Crackers"},{"level0":"Featured","level1":"Back to School","level2":"Lunchbox Snacks","webContent":{"badgeSmallUrl":"","badgeMediumUrl":"","badgeLargeUrl":"","title":"","subTitle":"","campaignUrl":""},"appContent":{"badgeSmallUrl":"","badgeMediumUrl":"","badgeLargeUrl":"","title":"","subTitle":"","campaignUrl":""}}],"cateredFlag":false,"algoliaAnalytics":{"searchQueryID":"8f7e37171435f631fafdc90220df32b4","searchPosition":548},"boughtBefore":false},{"productId":"5010415-EA-000","brand":"Fresh 'n Fruity","name":"Fruit Of The Forest Yoghurt","displayName":"1kg","availability":["IN_STORE","ONLINE"],"saleType":"UNITS","restrictedFlag":false,"liquorFlag":false,"tobaccoFlag":false,"originRegulated":false,"singlePrice":{"price":529,"comparativePrice":{"pricePerUnit":53,"unitQuantity":100,"unitQuantityUom":"g","measureDescription":"100g"}},"facets":[{"itemCode":"00020009","itemDescription":"Low Fat"},{"itemCode":"00020012","itemDescription":"Non-GMO"}],"categoryTrees":[{"level0":"Fridge, Deli & Eggs","level1":"Yoghurt","level2":"Large Yoghurt Tubs"}],"cateredFlag":false,"algoliaAnalytics":{"searchQueryID":"8f7e37171435f631fafdc90220df32b4","searchPosition":549},"boughtBefore":false},{"productId":"5003291-EA-000","brand":"Tatua","name":"Dairy Whip Whipped Cream","displayName":"400g","availability":["IN_STORE","ONLINE"],"saleType":"UNITS","restrictedFlag":false,"liquorFlag":false,"tobaccoFlag":false,"originRegulated":false,"singlePrice":{"price":699,"comparativePrice":{"pricePerUnit":175,"unitQuantity":100,"unitQuantityUom":"g","measureDescription":"100g"}},"facets":[{"itemCode":"00020012","itemDescription":"Non-GMO"},{"itemCode":"00020004","itemDescription":"Gluten Free"}],"categoryTrees":[{"level0":"Fridge, Deli & Eggs","level1":"Cream, Custard & Desserts","level2":"Fresh Cream"}],"cateredFlag":false,"algoliaAnalytics":{"searchQueryID":"8f7e37171435f631fafdc90220df32b4","searchPosition":550},"boughtBefore":false}],"algoliaSearchResult":{"facets":{"brand":{"Pams":809,"Wattie's":155,"Mrs Rogers":111,"Colgate":90,"Anchor":81,"Korbond":81,"Healtheries":80,"Tip Top":72,"Hellers":64,"VitaPet":63,"Gregg's":60,"Value":60,"Ceres Organics":56,"Continental":52,"Dettol":52,"Tasti":52,"Mainland":51,"Griffin's":50,"Maggi":50,"Pams Value":50,"Nivea":49,"Red Seal":49,"Dove":48,"Barker's":47,"Meadow Fresh":47,"Musashi":46,"Huggies":44,"Nestle":43,"Nescafe":41,"Palmolive":40,"McCain":39,"Bic":38,"Masterfoods":37,"Mother Earth":36,"Cadbury":35,"Delmaine":34,"Kellogg's":34,"Heinz":33,"Sealord":33,"Graze":31,"Lewis Road Creamery":31,"Sistema":31,"Whittaker's":31,"Chux":30,"Edmonds":30,"Jed's Coffee Co.":30,"The Collective":30,"Pams Finest":29,"Avalanche":28,"Bundaberg":28,"Energizer":28,"Whiskas":28,"Big Black Sacks":27,"Bluebird":27,"Glow Lab":27,"Kapiti":27,"Palmolive Naturals":27,"Arnott's":26,"Diamond":26,"Fresh To Go":26,"Hubbards":26,"Lindt":26,"Schweppes":26,"Farrah's":25,"Moccona":25,"Old El Paso":25,"Persil":25,"Philips":25,"Best":24,"Chef":24,"Fresh 'n Fruity":24,"Schick":24,"Tegel":24,"Eta":23,"Purina Fancy Feast":23,"Surv":23,"Dairyworks":22,"Dine":22,"Ecostore":22,"Harpic":22,"North Head":22,"San Remo":22,"Head & Shoulders":21,"John West":21,"Lee Kum Kee":21,"Rascals":21,"V":21,"Verkerks":21,"Chelsea":20,"Jacob's Creek":20,"Leggo's":20,"Only Organic":20,"Sanitarium Up & Go":20,"U By Kotex":20,"Campbell's":19,"Eveready":19,"Magnum":19,"Nivea Men":19,"Poise":19,"Schwarzkopf Extra Care":19},"tobacco":{"false":9994},"category1NI":{"Chips, Nuts & Snacks":445,"Canned Foods & Packets":347,"Pams":344,"Biscuits & Crackers":304,"Back to School":290,"Chocolate, Sweets & Chewing Gum":288,"Cooking Sauces, Stocks & Marinades":274,"Hair Care":265,"Stationery & Entertainment":257,"Cheese":238,"Lunchbox Snacks":235,"Spices, Seasoning & Coatings":234,"Baking Supplies & Sugar":231,"Coffee":226,"Table Sauces, Dressings & Condiments":225,"Pasta, Rice & Noodles":224,"Cat":213,"Ice Cream & Sorbet":204,"Yoghurt":202,"Cleaning & Accessories":199,"Easy Meals & Meal Kits":176,"Deli Meats & Smoked Fish":169,"Homewares":165,"Food Wrap, Storage & Bags":163,"Dental & Oral Care":159,"Bath, Shower & Soap":157,"Red Wine":156,"Dog":151,"Soft Drinks & Mixers":148,"Breakfast Cereals":146,"Skin Care & Sun Care":143,"Deli Meats":137,"Laundry":134,"White Wine":130,"Medical & First Aid":125,"$5 Week 1":117,"Juice & Smoothies":111,"Period & Continence Care":111,"World Foods":111,"Vegetables":107,"Dips, Hummus & Antipasti":103,"Vitamins & Supplements":101,"Milk":98,"Deodorant & Body Sprays":97,"Ready to Eat":95,"Batteries & Electrical":93,"Jams, Honey & Spreads":93,"Beer":92,"Tea":91,"Sports & Energy Drinks":90,"Bulk Foods":86,"Desserts":86,"Nappies & Changing":83,"Chilled Soups & Ready Meals":80,"Frozen Chicken & Meat":76,"Garage & Outdoor":76,"Baby & Toddler Food":74,"Sliced & Packaged Bread":72,"Kitchen Cleaners":71,"Cakes, Muffins & Desserts":67,"Hot Chocolate & Milk Drinks":67,"Shaving & Hair Removal":65,"Frozen Fish & Seafood":64,"Bathroom & Toilet Cleaners":61,"Fresh Salad & Herbs":61,"Sports Nutrition & Weight Management":60,"Frozen Vegetables":57,"In-Store Bakery":57,"Oil & Vinegar":56,"Frozen Dumplings, Pies & Snacks":53,"Dishwashing":52,"Frozen Pizza & Ready Meals":52,"Wraps, Pita & Flat Bread":50,"Butter & Margarine":48,"Frozen Fruit & Desserts":46,"Pest & Insect Control":46,"Syrups, Cordials & Powdered Drinks":46,"Long Life & Dairy Free Milk":45,"Chilled Pasta, Pizza & Garlic Bread":43,"Baby & Toddler Toiletries":41,"Toilet Paper, Tissues & Paper Towels":40,"Mince, Sausages & Meatballs":39,"Rose Wine":39,"Seafood":39,"Champagne & Sparkling Wine":38,"Baby Formula":37,"Frozen Chips & Hash Browns":36,"Fruit":36,"Bagels, Crumpets & Pancakes":35,"Cream, Custard & Desserts":34,"Craft Beer":31,"Water":31,"Chicken & Poultry":30,"Kombucha & Functional Drinks":29,"Clothing & Accessories":28,"Nursing & Feeding":28,"Alcohol Free Drinks":27,"Burger Buns, Rolls & Garlic Bread":26,"Cider":24,"Frozen Pastry & Bread":23},"onPromotion":{"61dd754e-8525-4b9e-9e08-173389eea8a8":2714,"c3f9e1a3-fc34-452d-af2e-95349e666ba4":2702,"715f0e22-95e0-45ce-af3a-07057209976e":2698,"4a279605-eaa8-470d-bcd4-0a9e3c9ab43b":2685,"5cf0392f-c187-4fc4-a463-eb269d2e8f45":2660,"90082979-fb9f-4305-9c72-83274fc438cc":2656,"b29a98bd-749c-489c-9eef-6aa38e66a29b":2631,"2ed73be8-936d-4f35-9398-75a707f40a7b":2560,"dbca5e00-f7f9-43ae-91de-031ad16f8a92":2548,"be4c4780-218e-425a-a90f-63e21773572b":2538,"8cd700ae-d96f-4761-bd7a-805d6b93536d":2460,"d8032da3-c1b9-456e-b626-41ce21f8c67b":2401,"3c5e3145-0767-4066-9349-6c0a1313acc5":2383,"bdc5ef4a-c6a7-4f8a-b8cb-28109e6d61c3":2266,"2a1b331a-fc4a-496a-b072-e97cc8f70cae":2066,"d6d39eea-889d-4e20-923c-55cab225cf7f":2060,"c2204dae-579e-4b6b-9d42-2e13ceaa6031":2057,"65defcf2-bc15-490e-a84f-1f13b769cd22":2047,"8f0d70be-5cb7-464b-99cb-8b0130671895":2024,"b92cc33f-b5a8-4b57-9b82-412946800020":1977,"3404c253-577f-45ca-b301-c98312e46efb":1965,"c0f80e87-16be-4488-9553-da437e8c6c2a":1954,"6e6809dd-01bc-45c9-aab1-f01ccd8338b0":1952,"3bfe040b-f0c9-45e0-949b-b9ad5a591d55":1940,"92086ded-a55d-4241-a364-7d7ea91531b4":1937,"48dd98cc-a757-4102-b15d-ea82b4b10571":1931,"49037947-e450-49bf-ba1f-a94551c79a72":1915,"21ecaaed-0749-4492-985e-4bb7ba43d59c":1903,"3bb30799-82ce-4648-8c02-5113228963ed":1895,"01a114de-149c-4f5f-80a1-90cc63f69c6e":1886,"c180a72d-5dbe-4403-b7c7-91655e505492":1877,"714431ab-6e39-4df6-ac77-cfc5c1e25bc8":1864,"e1925ea7-01bc-4358-ae7c-c6502da5ab12":1860,"64eab5b1-8d79-45f4-94f1-02b8cf8b6202":1857,"1c388d5e-29ac-4956-b476-cb3431353d2e":1852,"5f167936-79ae-4f6a-b9d2-74afe1bb096b":1845,"d1cd1fdd-8767-46a6-a8d3-c3e0632c2dc8":1845,"b2e98a14-c8ca-401e-99ed-edf74570c6f6":1838,"af385423-d0f1-41f0-9482-ffd10b745143":1829,"6cda96e1-7d29-44a6-956b-3fcfdecc8184":1820,"529d66cc-60e3-432e-b8d1-efc9f2ec4919":1815,"4fcc1c8e-cc5e-4675-ba25-5e56b579cf69":1800,"7d48a781-4f68-4c91-a908-8659e1b22f95":1773,"53989945-1a28-481d-a61c-d6f75f760ada":1767,"60561e46-ece7-43a7-b142-9b14812586e4":1765,"9cd8eb60-3222-4efc-bd7c-50e03e6a81a4":1761,"33d8d6fc-861a-45ff-9937-5ccdb55eaede":1756,"15e6f441-5c1c-4d25-b4ec-1adf918c49c7":1746,"98ec3885-ac93-4fcb-807b-59c9055c52c4":1730,"94ef1985-cab1-4b39-a2f3-230120f03c16":1727,"a7d09522-bee2-41e4-8fe0-0b82b7f342f5":1712,"6c73764e-b8e6-4e55-ad37-f6a9d207da1f":1700,"b83029b6-5dd5-449e-8056-26f3943a4e18":1699,"50b1216b-d066-4457-b88b-9bccf97bf6d3":1684,"3e82142c-78dc-46f3-82ec-28e65fcf84c9":1614,"b39562a4-2b72-43fe-b9ba-eda1d651ad0b":1577,"076e8177-943b-41fc-a885-ba3d28297acf":1534},"productFacets":{"Non-GMO":4194,"Gluten Free":1186,"Dairy Free":518,"Vegetarian":461,"Low Fat":431,"Vegan":397,"Low Sugar":355,"Organic":260,"Halal":229,"Free Range":100,"Cage Free":47,"Keto":27,"Low Salt":24,"Healthy Heart Tick":1}}},"algoliaFacetQueriesResults":[],"totalHits":1000,"page":10,"totalPages":20,"hitsPerPage":50},
{"tobaccoProducts":false,"products":[{"productId":"5040768-EA-000","brand":"Freya's","name":"Lower Carb 5 Seed Bread","displayName":"750g","availability":["IN_STORE","ONLINE"],"saleType":"UNITS","restrictedFlag":false,"liquorFlag":false,"tobaccoFlag":false,"originRegulated":false,"singlePrice":{"price":449,"comparativePrice":{"pricePerUnit":60,"unitQuantity":100,"unitQuantityUom":"g","measureDescription":"100g"}},"facets":[{"itemCode":"00020012","itemDescription":"Non-GMO"}],"categoryTrees":[{"level0":"Bakery","level1":"Sliced & Packaged Bread","level2":"Wholemeal, Grain & Seeded Bread"},{"level0":"Bakery","level1":"Gluten Free, Low Carb & Keto","level2":"Low Carb & Keto"}],"cateredFlag":false,"algoliaAnalytics":{"searchQueryID":"81c30dd0056d4632461f11b895e952df","searchPosition":451},"boughtBefore":false},{"productId":"5247976-EA-000","brand":"Pascall","name":"Party Pack","displayName":"180g","availability":["IN_STORE","ONLINE"],"saleType":"UNITS","restrictedFlag":false,"liquorFlag":false,"tobaccoFlag":false,"originRegulated":false,"singlePrice":{"price":219,"comparativePrice":{"pricePerUnit":122,"unitQuantity":100,"unitQuantityUom":"g","measureDescription":"100g"}},"facets":[{"itemCode":"00020012","itemDescription":"Non-GMO"}],"categoryTrees":[{"level0":"Snacks, Treats & Easy Meals","level1":"Chocolate, Sweets & Chewing Gum","level2":"Lollies, Sweets & Licorice"},{"level0":"Pantry","level1":"Chocolate, Sweets & Chewing Gum","level2":"Lollies, Sweets & Licorice"}],"cateredFlag":false,"algoliaAnalytics":{"searchQueryID":"81c30dd0056d4632461f11b895e952df","searchPosition":452},"boughtBefore":false},{"productId":"5012252-EA-000","brand":"Tuffy","name":"White 2 Ply Paper Towels","displayName":"4 x 60 sheets","availability":["IN_STORE","ONLINE"],"saleType":"UNITS","restrictedFlag":false,"liquorFlag":false,"tobaccoFlag":false,"originRegulated":false,"singlePrice":{"price":469,"comparativePrice":{"pricePerUnit":195,"unitQuantity":100,"unitQuantityUom":"sheets","measureDescription":"100 sheets"}},"facets":[{"itemCode":"00020012","itemDescription":"Non-GMO"}],"categoryTrees":[{"level0":"Household & Cleaning","level1":"Toilet Paper, Tissues & Paper Towels","level2":"Paper Towels"}],"cateredFlag":false,"algoliaAnalytics":{"searchQueryID":"81c30dd0056d4632461f11b895e952df","searchPosition":453},"boughtBefore":false},{"productId":"5001735-EA-000","brand":"Dilmah","name":"Premium Biodegrabable Tea Bags","displayName":"100pk","availability":["IN_STORE","ONLINE"],"saleType":"UNITS","restrictedFlag":false,"liquorFlag":false,"tobaccoFlag":false,"originRegulated":false,"singlePrice":{"price":629,"comparativePrice":{"pricePerUnit":629,"unitQuantity":100,"unitQuantityUom":" ","measureDescription":"100"}},"facets":[{"itemCode":"00020002","itemDescription":"Halal"},{"itemCode":"00020012","itemDescription":"Non-GMO"}],"categoryTrees":[{"level0":"Hot & Cold Drinks","level1":"Tea","level2":"Black Tea"}],"cateredFlag":false,"algoliaAnalytics":{"searchQueryID":"81c30dd0056d4632461f11b895e952df","searchPosition":454},"boughtBefore":false},{"productId":"5090710-EA-000","brand":"Anchor","name":"Blue Milk","displayName":"300ml","availability":["IN_STORE","ONLINE"],"saleType":"UNITS","restrictedFlag":false,"liquorFlag":false,"tobaccoFlag":false,"originRegulated":false,"singlePrice":{"price":160,"comparativePrice":{"pricePerUnit":533,"unitQuantity":1,"unitQuantityUom":"L","measureDescription":"1L"}},"facets":[{"itemCode":"00020012","itemDescription":"Non-GMO"}],"categoryTrees":[{"level0":"Fridge, Deli & Eggs","level1":"Milk","level2":"Fresh Milk"}],"cateredFlag":false,"algoliaAnalytics":{"searchQueryID":"81c30dd0056d4632461f11b895e952df","searchPosition":455},"boughtBefore":false},{"productId":"5014607-EA-000","brand":"Meadow Fresh","name":"Calci Strong Super Strawberry Flavoured Milk","displayName":"250ml","availability":["IN_STORE","ONLINE"],"saleType":"UNITS","restrictedFlag":false,"liquorFlag":false,"tobaccoFlag":false,"originRegulated":false,"singlePrice":{"price":109,"promoId":"129965179","comparativePrice":{"pricePerUnit":436,"unitQuantity":1,"unitQuantityUom":"L","measureDescription":"1L"}},"promotions":[{"promoId":"129965487","rewardValue":500,"decal":"6000","sapType":"LAYERED","rewardType":"NEW_PRICE","threshold":5,"multiProducts":true,"cardDependencyFlag":false,"bestPromotion":true,"comparativePrice":{"pricePerUnit":400,"unitQuantity":1,"unitQuantityUom":"L","measureDescription":"1L"}}],"facets":[{"itemCode":"00020012","itemDescription":"Non-GMO"}],"categoryTrees":[{"level0":"Fridge, Deli & Eggs","level1":"Milk","level2":"Flavoured Milk & Iced Coffee"}],"cateredFlag":false,"algoliaAnalytics":{"searchQueryID":"81c30dd0056d4632461f11b895e952df","searchPosition":456},"boughtBefore":false},{"productId":"5010418-EA-000","brand":"Fresh 'n Fruity","name":"Simply Strawberry Yoghurt","displayName":"1kg","availability":["IN_STORE","ONLINE"],"saleType":"UNITS","restrictedFlag":false,"liquorFlag":false,"tobaccoFlag":false,"originRegulated":false,"singlePrice":{"price":529,"comparativePrice":{"pricePerUnit":53,"unitQuantity":100,"unitQuantityUom":"g","measureDescription":"100g"}},"facets":[{"itemCode":"00020009","itemDescription":"Low Fat"},{"itemCode":"00020012","itemDescription":"Non-GMO"}],"categoryTrees":[{"level0":"Fridge, Deli & Eggs","level1":"Yoghurt","level2":"Large Yoghurt Tubs"}],"cateredFlag":false,"algoliaAnalytics":{"searchQueryID":"81c30dd0056d4632461f11b895e952df","searchPosition":457},"boughtBefore":false},{"productId":"5249653-EA-000","brand":"Cadbury Dairy Milk","name":"Roast Almond Chocolate Block","displayName":"180g","availability":["IN_STORE","ONLINE"],"saleType":"UNITS","restrictedFlag":false,"liquorFlag":false,"tobaccoFlag":false,"originRegulated":false,"singlePrice":{"price":329,"promoId":"130003271","comparativePrice":{"pricePerUnit":183,"unitQuantity":100,"unitQuantityUom":"g","measureDescription":"100g"}},"promotions":[{"promoId":"130003271","rewardValue":329,"decal":"6000","sapType":"BASE","rewardType":"NEW_PRICE","threshold":1,"limit":0,"multiProducts":false,"cardDependencyFlag":false,"bestPromotion":true,"comparativePrice":{"pricePerUnit":183,"unitQuantity":100,"unitQuantityUom":"g","measureDescription":"100g"}}],"facets":[{"itemCode":"00020012","itemDescription":"Non-GMO"}],"categoryTrees":[{"level0":"Snacks, Treats & Easy Meals","level1":"Chocolate, Sweets & Chewing Gum","level2":"Chocolate Blocks"},{"level0":"Pantry","level1":"Chocolate, Sweets & Chewing Gum","level2":"Chocolate Blocks"}],"cateredFlag":false,"algoliaAnalytics":{"searchQueryID":"81c30dd0056d4632461f11b895e952df","searchPosition":458},"boughtBefore":false},{"productId":"5027143-EA-000","brand":"Meadow Fresh","name":"Lite Cottage Cheese","displayName":"250g","availability":["IN_STORE","ONLINE"],"saleType":"UNITS","restrictedFlag":false,"liquorFlag":false,"tobaccoFlag":false,"originRegulated":false,"singlePrice":{"price":399,"comparativePrice":{"pricePerUnit":160,"unitQuantity":100,"unitQuantityUom":"g","measureDescription":"100g"}},"facets":[{"itemCode":"00020014","itemDescription":"Vegetarian"},{"itemCode":"00020012","itemDescription":"Non-GMO"},{"itemCode":"00020004","itemDescription":"Gluten Free"}],"categoryTrees":[{"level0":"Fridge, Deli & Eggs","level1":"Cheese","level2":"Cream Cheese & Cottage Cheese"}],"cateredFlag":false,"algoliaAnalytics":{"searchQueryID":"81c30dd0056d4632461f11b895e952df","searchPosition":459},"boughtBefore":false},{"productId":"5039343-EA-000","brand":"Hellers","name":"Shaved Manuka Smoked Ham","displayName":"100g","availability":["IN_STORE","ONLINE"],"saleType":"UNITS","restrictedFlag":false,"liquorFlag":false,"tobaccoFlag":false,"originRegulated":true,"originStatement":"Made in New Zealand with pork raised in any one or more of the following countries: Canada, Denmark, Germany, Poland, Spain, USA plus other local and imported ingredients.","singlePrice":{"price":289,"promoId":"129998409","comparativePrice":{"pricePerUnit":2890,"unitQuantity":1,"unitQuantityUom":"kg","measureDescription":"1kg"}},"promotions":[{"promoId":"130020077","rewardValue":500,"decal":"6000","sapType":"LAYERED","rewardType":"NEW_PRICE","threshold":2,"multiProducts":true,"cardDependencyFlag":false,"bestPromotion":true,"comparativePrice":{"pricePerUnit":2500,"unitQuantity":1,"unitQuantityUom":"kg","measureDescription":"1kg"}}],"facets":[{"itemCode":"00020009","itemDescription":"Low Fat"},{"itemCode":"00020012","itemDescription":"Non-GMO"},{"itemCode":"00020007","itemDescription":"Dairy Free"},{"itemCode":"00020004","itemDescription":"Gluten Free"}],"categoryTrees":[{"level0":"Fridge, Deli & Eggs","level1":"Deli Meats & Smoked Fish","level2":"Ham & Pork Slices"},{"level0":"Meat, Poultry & Seafood","level1":"Deli Meats","level2":"Ham & Pork Slices"},{"level0":"$5 Week 1","level1":"$5 Week 1","level2":"Deals","webContent":{"badgeSmallUrl":"","badgeMediumUrl":"","badgeLargeUrl":"","title":"","subTitle":"","campaignUrl":""},"appContent":{"badgeSmallUrl":"","badgeMediumUrl":"","badgeLargeUrl":"","title":"","subTitle":"","campaignUrl":""}},{"level0":"Featured","level1":"Back to School","level2":"Back to School Lunches"}],"cateredFlag":false,"algoliaAnalytics":{"searchQueryID":"81c30dd0056d4632461f11b895e952df","searchPosition":460},"boughtBefore":false},{"productId":"5003865-EA-000","brand":"Pams","name":"Canola Table Spread","displayName":"500g","availability":["IN_STORE","ONLINE"],"saleType":"UNITS","restrictedFlag":false,"liquorFlag":false,"tobaccoFlag":false,"originRegulated":false,"singlePrice":{"price":279,"promoId":"129970393","comparativePrice":{"pricePerUnit":56,"unitQuantity":100,"unitQuantityUom":"g","measureDescription":"100g"}},"promotions":[{"promoId":"129965359","rewardValue":500,"decal":"6000","sapType":"LAYERED","rewardType":"NEW_PRICE","threshold":2,"multiProducts":true,"cardDependencyFlag":false,"bestPromotion":true,"comparativePrice":{"pricePerUnit":50,"unitQuantity":100,"unitQuantityUom":"g","measureDescription":"100g"}}],"facets":[{"itemCode":"00020012","itemDescription":"Non-GMO"},{"itemCode":"00020007","itemDescription":"Dairy Free"}],"categoryTrees":[{"level0":"Fridge, Deli & Eggs","level1":"Butter & Margarine","level2":"Dairy Free Spreads"},{"level0":"Featured","level1":"Pams","level2":"Dairy & Eggs"}],"cateredFlag":false,"algoliaAnalytics":{"searchQueryID":"81c30dd0056d4632461f11b895e952df","searchPosition":461},"boughtBefore":false},{"productId":"5046540-KGM-000","name":"Apricots","displayName":"kg","availability":["IN_STORE","ONLINE"],"saleType":"BOTH","restrictedFlag":false,"liquorFlag":false,"tobaccoFlag":false,"originRegulated":true,"originStatement":"Product of New Zealand","variableWeight":{"unitOfMeasure":"g","averageWeight":70,"minOrderQuantity":100,"stepSize":50,"stepUnitOfMeasure":"g"},"singlePrice":{"price":1049,"comparativePrice":{"pricePerUnit":1049,"unitQuantity":1,"unitQuantityUom":"kg","measureDescription":"1kg"}},"categoryTrees":[{"level0":"Fruit & Vegetables","level1":"Fruit","level2":"Peaches, Nectarines & Stone Fruit"}],"cateredFlag":false,"algoliaAnalytics":{"searchQueryID":"81c30dd0056d4632461f11b895e952df","searchPosition":462},"boughtBefore":false},{"productId":"5003709-EA-000","brand":"Pams","name":"Malty Hot Choca","displayName":"300g","availability":["IN_STORE","ONLINE"],"saleType":"UNITS","restrictedFlag":false,"liquorFlag":false,"tobaccoFlag":false,"originRegulated":false,"singlePrice":{"price":289,"comparativePrice":{"pricePerUnit":96,"unitQuantity":100,"unitQuantityUom":"g","measureDescription":"100g"}},"facets":[{"itemCode":"00020012","itemDescription":"Non-GMO"}],"categoryTrees":[{"level0":"Hot & Cold Drinks","level1":"Hot Chocolate & Milk Drinks","level2":"Drinking Chocolate & Milk Drink Mixes"},{"level0":"Featured","level1":"Pams","level2":"Hot Drinks"}],"cateredFlag":false,"algoliaAnalytics":{"searchQueryID":"81c30dd0056d4632461f11b895e952df","searchPosition":463},"boughtBefore":false},{"productId":"5011950-EA-000","brand":"Chesdale","name":"Processed Colby Cheese Slices","displayName":"250g","availability":["IN_STORE","ONLINE"],"saleType":"UNITS","restrictedFlag":false,"liquorFlag":false,"tobaccoFlag":false,"originRegulated":false,"singlePrice":{"price":299,"comparativePrice":{"pricePerUnit":120,"unitQuantity":100,"unitQuantityUom":"g","measureDescription":"100g"}},"categoryTrees":[{"level0":"Fridge, Deli & Eggs","level1":"Cheese","level2":"Sliced Cheese"}],"cateredFlag":false,"algoliaAnalytics":{"searchQueryID":"81c30dd0056d4632461f11b895e952df","searchPosition":464},"boughtBefore":false},{"productId":"5274738-EA-000","brand":"Anchor","name":"Protein+ Vanilla Greek Style Yoghurt","displayName":"950g","availability":["IN_STORE","ONLINE"],"saleType":"UNITS","restrictedFlag":false,"liquorFlag":false,"tobaccoFlag":false,"originRegulated":false,"singlePrice":{"price":699,"promoId":"129963793","comparativePrice":{"pricePerUnit":74,"unitQuantity":100,"unitQuantityUom":"g","measureDescription":"100g"}},"promotions":[{"promoId":"129963793","rewardValue":699,"decal":"6000","sapType":"BASE","rewardType":"NEW_PRICE","threshold":1,"limit":0,"multiProducts":false,"cardDependencyFlag":false,"bestPromotion":true,"comparativePrice":{"pricePerUnit":74,"unitQuantity":100,"unitQuantityUom":"g","measureDescription":"100g"}}],"facets":[{"itemCode":"00020012","itemDescription":"Non-GMO"},{"itemCode":"00020009","itemDescription":"Low Fat"}],"categoryTrees":[{"level0":"Fridge, Deli & Eggs","level1":"Yoghurt","level2":"Protein & Probiotic Yoghurt"},{"level0":"Fridge, Deli & Eggs","level1":"Yoghurt","level2":"Large Yoghurt Tubs"}],"cateredFlag":false,"algoliaAnalytics":{"searchQueryID":"81c30dd0056d4632461f11b895e952df","searchPosition":465},"boughtBefore":false},{"productId":"5013282-EA-000","brand":"Fantastic","name":"Seaweed Rice Crackers","displayName":"100g","availability":["IN_STORE","ONLINE"],"saleType":"UNITS","restrictedFlag":false,"liquorFlag":false,"tobaccoFlag":false,"originRegulated":false,"singlePrice":{"price":199,"comparativePrice":{"pricePerUnit":199,"unitQuantity":100,"unitQuantityUom":"g","measureDescription":"100g"}},"categoryTrees":[{"level0":"Pantry","level1":"Biscuits & Crackers","level2":"Rice Crackers"}],"cateredFlag":false,"algoliaAnalytics":{"searchQueryID":"81c30dd0056d4632461f11b895e952df","searchPosition":466},"boughtBefore":false},{"productId":"5015298-EA-000","brand":"Chesdale","name":"Processed Edam Cheese Slices","displayName":"250g","availability":["IN_STORE","ONLINE"],"saleType":"UNITS","restrictedFlag":false,"liquorFlag":false,"tobaccoFlag":false,"originRegulated":false,"singlePrice":{"price":299,"comparativePrice":{"pricePerUnit":120,"unitQuantity":100,"unitQuantityUom":"g","measureDescription":"100g"}},"facets":[{"itemCode":"00020012","itemDescription":"Non-GMO"}],"categoryTrees":[{"level0":"Fridge, Deli & Eggs","level1":"Cheese","level2":"Sliced Cheese"}],"cateredFlag":false,"algoliaAnalytics":{"searchQueryID":"81c30dd0056d4632461f11b895e952df","searchPosition":467},"boughtBefore":false},{"productId":"5007359-EA-000","brand":"Pams","name":"Tasty Grated Cheese","displayName":"375g","availability":["IN_STORE","ONLINE"],"saleType":"UNITS","restrictedFlag":false,"liquorFlag":false,"tobaccoFlag":false,"originRegulated":false,"singlePrice":{"price":819,"promoId":"129964731","comparativePrice":{"pricePerUnit":218,"unitQuantity":100,"unitQuantityUom":"g","measureDescription":"100g"}},"promotions":[{"promoId":"129964731","rewardValue":819,"decal":"6000","sapType":"BASE","rewardType":"NEW_PRICE","threshold":1,"limit":0,"multiProducts":false,"cardDependencyFlag":false,"bestPromotion":true,"comparativePrice":{"pricePerUnit":218,"unitQuantity":100,"unitQuantityUom":"g","measureDescription":"100g"}}],"facets":[{"itemCode":"00020014","itemDescription":"Vegetarian"},{"itemCode":"00020012","itemDescription":"Non-GMO"}],"categoryTrees":[{"level0":"Fridge, Deli & Eggs","level1":"Cheese","level2":"Grated Cheese"},{"level0":"Featured","level1":"Pams","level2":"Cheese"}],"cateredFlag":false,"algoliaAnalytics":{"searchQueryID":"81c30dd0056d4632461f11b895e952df","searchPosition":468},"boughtBefore":false},{"productId":"5005019-EA-000","brand":"Pams","name":"Tomato & Basil Tuna","displayName":"95g","availability":["IN_STORE","ONLINE"],"saleType":"UNITS","restrictedFlag":false,"liquorFlag":false,"tobaccoFlag":false,"originRegulated":false,"singlePrice":{"price":130,"comparativePrice":{"pricePerUnit":1368,"unitQuantity":1,"unitQuantityUom":"kg","measureDescription":"1kg"}},"facets":[{"itemCode":"00020012","itemDescription":"Non-GMO"}],"categoryTrees":[{"level0":"Pantry","level1":"Canned Foods & Packets","level2":"Canned Tuna"},{"level0":"Featured","level1":"Pams","level2":"Canned & Prepared Foods"}],"cateredFlag":false,"algoliaAnalytics":{"searchQueryID":"81c30dd0056d4632461f11b895e952df","searchPosition":469},"boughtBefore":false},{"productId":"5010435-EA-000","brand":"Griffin's MallowPuffs","name":"Original Chocolate Biscuits","displayName":"200g","availability":["IN_STORE","ONLINE"],"saleType":"UNITS","restrictedFlag":false,"liquorFlag":false,"tobaccoFlag":false,"originRegulated":false,"marketingInitiatives":[{"initiativeCode":"AOV"}],"singlePrice":{"price":349,"promoId":"129963758","comparativePrice":{"pricePerUnit":175,"unitQuantity":100,"unitQuantityUom":"g","measureDescription":"100g"}},"promotions":[{"promoId":"129963758","rewardValue":349,"decal":"6000","sapType":"BASE","rewardType":"NEW_PRICE","threshold":1,"limit":0,"multiProducts":false,"cardDependencyFlag":false,"bestPromotion":true,"comparativePrice":{"pricePerUnit":175,"unitQuantity":100,"unitQuantityUom":"g","measureDescription":"100g"}}],"facets":[{"itemCode":"00020012","itemDescription":"Non-GMO"}],"categoryTrees":[{"level0":"Pantry","level1":"Biscuits & Crackers","level2":"Chocolate Biscuits & Cookies"}],"cateredFlag":false,"algoliaAnalytics":{"searchQueryID":"81c30dd0056d4632461f11b895e952df","searchPosition":470},"boughtBefore":false},{"productId":"5004742-EA-000","brand":"Pams","name":"Sour Cream & Chives Flavoured Rice Crackers","displayName":"100g","availability":["IN_STORE","ONLINE"],"saleType":"UNITS","restrictedFlag":false,"liquorFlag":false,"tobaccoFlag":false,"originRegulated":false,"singlePrice":{"price":99,"comparativePrice":{"pricePerUnit":99,"unitQuantity":100,"unitQuantityUom":"g","measureDescription":"100g"}},"facets":[{"itemCode":"00020012","itemDescription":"Non-GMO"},{"itemCode":"00020004","itemDescription":"Gluten Free"}],"categoryTrees":[{"level0":"Pantry","level1":"Biscuits & Crackers","level2":"Rice Crackers"},{"level0":"Featured","level1":"Back to School","level2":"Lunchbox Snacks","webContent":{"badgeSmallUrl":"","badgeMediumUrl":"","badgeLargeUrl":"","title":"","subTitle":"","campaignUrl":""},"appContent":{"badgeSmallUrl":"","badgeMediumUrl":"","badgeLargeUrl":"","title":"","subTitle":"","campaignUrl":""}}],"cateredFlag":false,"algoliaAnalytics":{"searchQueryID":"81c30dd0056d4632461f11b895e952df","searchPosition":471},"boughtBefore":false},{"productId":"5011595-EA-000","brand":"Raro","name":"Sunshine Coast Orange Flavoured Beverage Mix","displayName":"3 x 80g","availability":["IN_STORE","ONLINE"],"saleType":"UNITS","restrictedFlag":false,"liquorFlag":false,"tobaccoFlag":false,"originRegulated":false,"singlePrice":{"price":179,"comparativePrice":{"pricePerUnit":75,"unitQuantity":100,"unitQuantityUom":"g","measureDescription":"100g"}},"facets":[{"itemCode":"00020012","itemDescription":"Non-GMO"}],"categoryTrees":[{"level0":"Hot & Cold Drinks","level1":"Syrups, Cordials & Powdered Drinks","level2":"Powdered Drinks"}],"cateredFlag":false,"algoliaAnalytics":{"searchQueryID":"81c30dd0056d4632461f11b895e952df","searchPosition":472},"boughtBefore":false},{"productId":"5003837-EA-000","brand":"Pams","name":"Reduced Cream","displayName":"284g","availability":["IN_STORE","ONLINE"],"saleType":"UNITS","restrictedFlag":false,"liquorFlag":false,"tobaccoFlag":false,"originRegulated":false,"singlePrice":{"price":259,"comparativePrice":{"pricePerUnit":91,"unitQuantity":100,"unitQuantityUom":"g","measureDescription":"100g"}},"facets":[{"itemCode":"00020012","itemDescription":"Non-GMO"}],"categoryTrees":[{"level0":"Pantry","level1":"Canned Foods & Packets","level2":"Condensed Milk & Reduced Cream"},{"level0":"Featured","level1":"Pams","level2":"Canned & Prepared Foods"}],"cateredFlag":false,"algoliaAnalytics":{"searchQueryID":"81c30dd0056d4632461f11b895e952df","searchPosition":473},"boughtBefore":false},{"productId":"5010412-EA-000","brand":"Chesdale","name":"Processed Chives Cheese Slices","displayName":"250g","availability":["IN_STORE","ONLINE"],"saleType":"UNITS","restrictedFlag":false,"liquorFlag":false,"tobaccoFlag":false,"originRegulated":false,"singlePrice":{"price":299,"comparativePrice":{"pricePerUnit":120,"unitQuantity":100,"unitQuantityUom":"g","measureDescription":"100g"}},"facets":[{"itemCode":"00020012","itemDescription":"Non-GMO"}],"categoryTrees":[{"level0":"Fridge, Deli & Eggs","level1":"Cheese","level2":"Sliced Cheese"}],"cateredFlag":false,"algoliaAnalytics":{"searchQueryID":"81c30dd0056d4632461f11b895e952df","searchPosition":474},"boughtBefore":false},{"productId":"5001362-EA-000","brand":"Arnott's Tim Tam","name":"Double Coat Chocolate Biscuits","displayName":"200g","availability":["IN_STORE","ONLINE"],"saleType":"UNITS","restrictedFlag":false,"liquorFlag":false,"tobaccoFlag":false,"originRegulated":false,"singlePrice":{"price":469,"comparativePrice":{"pricePerUnit":235,"unitQuantity":100,"unitQuantityUom":"g","measureDescription":"100g"}},"facets":[{"itemCode":"00020012","itemDescription":"Non-GMO"}],"categoryTrees":[{"level0":"Pantry","level1":"Biscuits & Crackers","level2":"Chocolate Biscuits & Cookies"}],"cateredFlag":false,"algoliaAnalytics":{"searchQueryID":"81c30dd0056d4632461f11b895e952df","searchPosition":475},"boughtBefore":false},{"productId":"5013609-EA-000","brand":"Cinderella","name":"Camel Dates","displayName":"400g","availability":["IN_STORE","ONLINE"],"saleType":"UNITS","restrictedFlag":false,"liquorFlag":false,"tobaccoFlag":false,"originRegulated":false,"marketingInitiatives":[{"initiativeCode":"AOV"}],"singlePrice":{"price":289,"promoId":"129993918","comparativePrice":{"pricePerUnit":723,"unitQuantity":1,"unitQuantityUom":"kg","measureDescription":"1kg"}},"promotions":[{"promoId":"129993918","rewardValue":289,"decal":"6000","sapType":"BASE","rewardType":"NEW_PRICE","threshold":1,"limit":0,"multiProducts":false,"cardDependencyFlag":false,"bestPromotion":true,"comparativePrice":{"pricePerUnit":723,"unitQuantity":1,"unitQuantityUom":"kg","measureDescription":"1kg"}}],"facets":[{"itemCode":"00020012","itemDescription":"Non-GMO"}],"categoryTrees":[{"level0":"Pantry","level1":"Baking Supplies & Sugar","level2":"Dried Fruit"}],"cateredFlag":false,"algoliaAnalytics":{"searchQueryID":"81c30dd0056d4632461f11b895e952df","searchPosition":476},"boughtBefore":false},{"productId":"5040708-EA-000","brand":"LeaderBrand","name":"Crispy Salad With Kiwi Dressing","displayName":"300g","availability":["IN_STORE","ONLINE"],"saleType":"UNITS","restrictedFlag":false,"liquorFlag":false,"tobaccoFlag":false,"originRegulated":true,"originStatement":"Product of New Zealand","singlePrice":{"price":499,"comparativePrice":{"pricePerUnit":1663,"unitQuantity":1,"unitQuantityUom":"kg","measureDescription":"1kg"}},"categoryTrees":[{"level0":"Fruit & Vegetables","level1":"Vegetables","level2":"Slaw & Salad Kits"},{"level0":"Fruit & Vegetables","level1":"Fresh Salad & Herbs","level2":"Slaw & Salad Kits"}],"cateredFlag":false,"algoliaAnalytics":{"searchQueryID":"81c30dd0056d4632461f11b895e952df","searchPosition":477},"boughtBefore":false},{"productId":"5249656-EA-000","brand":"Cadbury Dairy Milk","name":"Coconut Rough Chocolate Block","displayName":"180g","availability":["IN_STORE","ONLINE"],"saleType":"UNITS","restrictedFlag":false,"liquorFlag":false,"tobaccoFlag":false,"originRegulated":false,"singlePrice":{"price":329,"promoId":"130003267","comparativePrice":{"pricePerUnit":183,"unitQuantity":100,"unitQuantityUom":"g","measureDescription":"100g"}},"promotions":[{"promoId":"130003267","rewardValue":329,"decal":"6000","sapType":"BASE","rewardType":"NEW_PRICE","threshold":1,"limit":0,"multiProducts":false,"cardDependencyFlag":false,"bestPromotion":true,"comparativePrice":{"pricePerUnit":183,"unitQuantity":100,"unitQuantityUom":"g","measureDescription":"100g"}}],"facets":[{"itemCode":"00020012","itemDescription":"Non-GMO"}],"categoryTrees":[{"level0":"Snacks, Treats & Easy Meals","level1":"Chocolate, Sweets & Chewing Gum","level2":"Chocolate Blocks"},{"level0":"Pantry","level1":"Chocolate, Sweets & Chewing Gum","level2":"Chocolate Blocks"}],"cateredFlag":false,"algoliaAnalytics":{"searchQueryID":"81c30dd0056d4632461f11b895e952df","searchPosition":478},"boughtBefore":false},{"productId":"5010678-EA-000","brand":"Palmolive","name":"Lemon Lime Dishwashing Liquid","displayName":"500ml","availability":["IN_STORE","ONLINE"],"saleType":"UNITS","restrictedFlag":false,"liquorFlag":false,"tobaccoFlag":false,"originRegulated":false,"singlePrice":{"price":249,"comparativePrice":{"pricePerUnit":50,"unitQuantity":100,"unitQuantityUom":"ml","measureDescription":"100ml"}},"categoryTrees":[{"level0":"Household & Cleaning","level1":"Dishwashing","level2":"Dishwashing Liquid"}],"cateredFlag":false,"algoliaAnalytics":{"searchQueryID":"81c30dd0056d4632461f11b895e952df","searchPosition":479},"boughtBefore":false},{"productId":"5003890-EA-000","brand":"Pams","name":"Whole Kernel Corn","displayName":"410g","availability":["IN_STORE","ONLINE"],"saleType":"UNITS","restrictedFlag":false,"liquorFlag":false,"tobaccoFlag":false,"originRegulated":false,"singlePrice":{"price":129,"comparativePrice":{"pricePerUnit":315,"unitQuantity":1,"unitQuantityUom":"kg","measureDescription":"1kg"}},"facets":[{"itemCode":"00020011","itemDescription":"Low Sugar"},{"itemCode":"00020007","itemDescription":"Dairy Free"},{"itemCode":"00020009","itemDescription":"Low Fat"},{"itemCode":"00020012","itemDescription":"Non-GMO"}],"categoryTrees":[{"level0":"Pantry","level1":"Canned Foods & Packets","level2":"Canned & Dried Vegetables"}],"cateredFlag":false,"algoliaAnalytics":{"searchQueryID":"81c30dd0056d4632461f11b895e952df","searchPosition":480},"boughtBefore":false},{"productId":"5017358-EA-000","brand":"John West","name":"Tuna With Lemon & Cracked Pepper","displayName":"95g","availability":["IN_STORE","ONLINE"],"saleType":"UNITS","restrictedFlag":false,"liquorFlag":false,"tobaccoFlag":false,"originRegulated":false,"singlePrice":{"price":199,"promoId":"129993939","comparativePrice":{"pricePerUnit":2095,"unitQuantity":1,"unitQuantityUom":"kg","measureDescription":"1kg"}},"promotions":[{"promoId":"129993941","rewardValue":600,"decal":"6000","sapType":"LAYERED","rewardType":"NEW_PRICE","threshold":4,"multiProducts":true,"cardDependencyFlag":false,"bestPromotion":true,"comparativePrice":{"pricePerUnit":1579,"unitQuantity":1,"unitQuantityUom":"kg","measureDescription":"1kg"}}],"categoryTrees":[{"level0":"Pantry","level1":"Canned Foods & Packets","level2":"Canned Tuna"}],"cateredFlag":false,"algoliaAnalytics":{"searchQueryID":"81c30dd0056d4632461f11b895e952df","searchPosition":481},"boughtBefore":false},{"productId":"5017689-EA-000","brand":"Sealord","name":"Mayonnaise Tuna","displayName":"95g","availability":["IN_STORE","ONLINE"],"saleType":"UNITS","restrictedFlag":false,"liquorFlag":false,"tobaccoFlag":false,"originRegulated":false,"singlePrice":{"price":209,"comparativePrice":{"pricePerUnit":2200,"unitQuantity":1,"unitQuantityUom":"kg","measureDescription":"1kg"}},"facets":[{"itemCode":"00020012","itemDescription":"Non-GMO"}],"categoryTrees":[{"level0":"Pantry","level1":"Canned Foods & Packets","level2":"Canned Tuna"}],"cateredFlag":false,"algoliaAnalytics":{"searchQueryID":"81c30dd0056d4632461f11b895e952df","searchPosition":482},"boughtBefore":false},{"productId":"5009494-EA-000","brand":"Mountain Dew","name":"Soft Drink","displayName":"1.5l","availability":["IN_STORE","ONLINE"],"saleType":"UNITS","restrictedFlag":false,"liquorFlag":false,"tobaccoFlag":false,"originRegulated":false,"singlePrice":{"price":249,"promoId":"130029703","comparativePrice":{"pricePerUnit":166,"unitQuantity":1,"unitQuantityUom":"L","measureDescription":"1L"}},"promotions":[{"promoId":"130029703","rewardValue":249,"decal":"6000","sapType":"BASE","rewardType":"NEW_PRICE","threshold":1,"limit":0,"multiProducts":false,"cardDependencyFlag":false,"bestPromotion":true,"comparativePrice":{"pricePerUnit":166,"unitQuantity":1,"unitQuantityUom":"L","measureDescription":"1L"}}],"facets":[{"itemCode":"00020012","itemDescription":"Non-GMO"}],"categoryTrees":[{"level0":"Hot & Cold Drinks","level1":"Soft Drinks & Mixers","level2":"Other Soft Drinks"}],"cateredFlag":false,"algoliaAnalytics":{"searchQueryID":"81c30dd0056d4632461f11b895e952df","searchPosition":483},"boughtBefore":false},{"productId":"5004096-EA-000","brand":"Black Flag","name":"Rapid Kill Blowfly Strength Fly & Insect Killer","displayName":"300g","availability":["IN_STORE","ONLINE"],"saleType":"UNITS","restrictedFlag":false,"liquorFlag":false,"tobaccoFlag":false,"originRegulated":false,"marketingInitiatives":[{"initiativeCode":"AOV"}],"singlePrice":{"price":399,"promoId":"129996062","comparativePrice":{"pricePerUnit":133,"unitQuantity":100,"unitQuantityUom":"g","measureDescription":"100g"}},"promotions":[{"promoId":"129996062","rewardValue":399,"decal":"6000","sapType":"BASE","rewardType":"NEW_PRICE","threshold":1,"limit":0,"multiProducts":false,"cardDependencyFlag":false,"bestPromotion":true,"comparativePrice":{"pricePerUnit":133,"unitQuantity":100,"unitQuantityUom":"g","measureDescription":"100g"}}],"categoryTrees":[{"level0":"Household & Cleaning","level1":"Pest & Insect Control","level2":"Fly & Insect Control"}],"cateredFlag":false,"algoliaAnalytics":{"searchQueryID":"81c30dd0056d4632461f11b895e952df","searchPosition":484},"boughtBefore":false},{"productId":"5092740-EA-000","brand":"Pams Value","name":"Spaghetti In Tomato Sauce","displayName":"400g","availability":["IN_STORE","ONLINE"],"saleType":"UNITS","restrictedFlag":false,"liquorFlag":false,"tobaccoFlag":false,"originRegulated":false,"singlePrice":{"price":69,"comparativePrice":{"pricePerUnit":17,"unitQuantity":100,"unitQuantityUom":"g","measureDescription":"100g"}},"facets":[{"itemCode":"00020007","itemDescription":"Dairy Free"},{"itemCode":"00020012","itemDescription":"Non-GMO"}],"categoryTrees":[{"level0":"Pantry","level1":"Canned Foods & Packets","level2":"Baked Beans & Spaghetti"}],"cateredFlag":false,"algoliaAnalytics":{"searchQueryID":"81c30dd0056d4632461f11b895e952df","searchPosition":485},"boughtBefore":false},{"productId":"5031608-EA-000","brand":"Much Moore","name":"Marvels Creamy Vanilla Ice Cream","displayName":"2l","availability":["IN_STORE","ONLINE"],"saleType":"UNITS","restrictedFlag":false,"liquorFlag":false,"tobaccoFlag":false,"originRegulated":false,"singlePrice":{"price":469,"promoId":"129964310","comparativePrice":{"pricePerUnit":23,"unitQuantity":100,"unitQuantityUom":"ml","measureDescription":"100ml"}},"promotions":[{"promoId":"129964310","rewardValue":469,"decal":"6000","sapType":"BASE","rewardType":"NEW_PRICE","threshold":1,"limit":0,"multiProducts":false,"cardDependencyFlag":false,"bestPromotion":true,"comparativePrice":{"pricePerUnit":23,"unitQuantity":100,"unitQuantityUom":"ml","measureDescription":"100ml"}}],"facets":[{"itemCode":"00020012","itemDescription":"Non-GMO"}],"categoryTrees":[{"level0":"Frozen","level1":"Ice Cream & Sorbet","level2":"Ice Cream Tubs"}],"cateredFlag":false,"algoliaAnalytics":{"searchQueryID":"81c30dd0056d4632461f11b895e952df","searchPosition":486},"boughtBefore":false},{"productId":"5003394-EA-000","brand":"Trident","name":"Premium Coconut Cream","displayName":"400ml","availability":["IN_STORE","ONLINE"],"saleType":"UNITS","restrictedFlag":false,"liquorFlag":false,"tobaccoFlag":false,"originRegulated":false,"singlePrice":{"price":199,"promoId":"130007584","comparativePrice":{"pricePerUnit":50,"unitQuantity":100,"unitQuantityUom":"ml","measureDescription":"100ml"}},"promotions":[{"promoId":"130007584","rewardValue":199,"decal":"6000","sapType":"BASE","rewardType":"NEW_PRICE","threshold":1,"limit":0,"multiProducts":false,"cardDependencyFlag":false,"bestPromotion":true,"comparativePrice":{"pricePerUnit":50,"unitQuantity":100,"unitQuantityUom":"ml","measureDescription":"100ml"}}],"facets":[{"itemCode":"00020004","itemDescription":"Gluten Free"}],"categoryTrees":[{"level0":"Pantry","level1":"Canned Foods & Packets","level2":"Coconut Cream & Milk"}],"cateredFlag":false,"algoliaAnalytics":{"searchQueryID":"81c30dd0056d4632461f11b895e952df","searchPosition":487},"boughtBefore":false},{"productId":"5015657-EA-000","brand":"Doritos","name":"Nacho Cheese Corn Chips Party Bag Share Pack","displayName":"300g","availability":["IN_STORE","ONLINE"],"saleType":"UNITS","restrictedFlag":false,"liquorFlag":false,"tobaccoFlag":false,"originRegulated":false,"singlePrice":{"price":399,"comparativePrice":{"pricePerUnit":133,"unitQuantity":100,"unitQuantityUom":"g","measureDescription":"100g"}},"facets":[{"itemCode":"00020012","itemDescription":"Non-GMO"}],"categoryTrees":[{"level0":"Snacks, Treats & Easy Meals","level1":"Chips, Nuts & Snacks","level2":"Corn Chips & Salsa"},{"level0":"Pantry","level1":"Chips, Nuts & Snacks","level2":"Corn Chips & Salsa"}],"cateredFlag":false,"algoliaAnalytics":{"searchQueryID":"81c30dd0056d4632461f11b895e952df","searchPosition":488},"boughtBefore":false},{"productId":"5011410-EA-000","brand":"Heartland","name":"Salt & Vinegar Old Fashioned Wave Cut Potato Chips","displayName":"150g","availability":["IN_STORE","ONLINE"],"saleType":"UNITS","restrictedFlag":false,"liquorFlag":false,"tobaccoFlag":false,"originRegulated":false,"singlePrice":{"price":269,"comparativePrice":{"pricePerUnit":179,"unitQuantity":100,"unitQuantityUom":"g","measureDescription":"100g"}},"facets":[{"itemCode":"00020004","itemDescription":"Gluten Free"},{"itemCode":"00020012","itemDescription":"Non-GMO"}],"categoryTrees":[{"level0":"Snacks, Treats & Easy Meals","level1":"Chips, Nuts & Snacks","level2":"Chips"},{"level0":"Pantry","level1":"Chips, Nuts & Snacks","level2":"Chips"}],"cateredFlag":false,"algoliaAnalytics":{"searchQueryID":"81c30dd0056d4632461f11b895e952df","searchPosition":489},"boughtBefore":false},{"productId":"5262674-EA-000","brand":"McCain","name":"Superfries Shoestring Chips","displayName":"900g","availability":["IN_STORE","ONLINE"],"saleType":"UNITS","restrictedFlag":false,"liquorFlag":false,"tobaccoFlag":false,"originRegulated":false,"singlePrice":{"price":379,"promoId":"129965865","comparativePrice":{"pricePerUnit":421,"unitQuantity":1,"unitQuantityUom":"kg","measureDescription":"1kg"}},"promotions":[{"promoId":"129965865","rewardValue":379,"decal":"6000","sapType":"BASE","rewardType":"NEW_PRICE","threshold":1,"limit":0,"multiProducts":false,"cardDependencyFlag":false,"bestPromotion":true,"comparativePrice":{"pricePerUnit":421,"unitQuantity":1,"unitQuantityUom":"kg","measureDescription":"1kg"}}],"facets":[{"itemCode":"00020002","itemDescription":"Halal"}],"categoryTrees":[{"level0":"Frozen","level1":"Frozen Chips & Hash Browns","level2":"Frozen Chips & Wedges"}],"cateredFlag":false,"algoliaAnalytics":{"searchQueryID":"81c30dd0056d4632461f11b895e952df","searchPosition":490},"boughtBefore":false},{"productId":"5011411-EA-000","brand":"Heartland","name":"Sour Cream & Chives Old-Fashioned Wave Cut Chips","displayName":"150g","availability":["IN_STORE","ONLINE"],"saleType":"UNITS","restrictedFlag":false,"liquorFlag":false,"tobaccoFlag":false,"originRegulated":false,"singlePrice":{"price":269,"comparativePrice":{"pricePerUnit":179,"unitQuantity":100,"unitQuantityUom":"g","measureDescription":"100g"}},"facets":[{"itemCode":"00020004","itemDescription":"Gluten Free"},{"itemCode":"00020012","itemDescription":"Non-GMO"}],"categoryTrees":[{"level0":"Snacks, Treats & Easy Meals","level1":"Chips, Nuts & Snacks","level2":"Chips"},{"level0":"Pantry","level1":"Chips, Nuts & Snacks","level2":"Chips"}],"cateredFlag":false,"algoliaAnalytics":{"searchQueryID":"81c30dd0056d4632461f11b895e952df","searchPosition":491},"boughtBefore":false},{"productId":"5013142-EA-000","brand":"Fantastic","name":"Sour Cream & Chives Rice Crackers","displayName":"100g","availability":["IN_STORE","ONLINE"],"saleType":"UNITS","restrictedFlag":false,"liquorFlag":false,"tobaccoFlag":false,"originRegulated":false,"singlePrice":{"price":199,"comparativePrice":{"pricePerUnit":199,"unitQuantity":100,"unitQuantityUom":"g","measureDescription":"100g"}},"facets":[{"itemCode":"00020012","itemDescription":"Non-GMO"},{"itemCode":"00020014","itemDescription":"Vegetarian"},{"itemCode":"00020004","itemDescription":"Gluten Free"}],"categoryTrees":[{"level0":"Pantry","level1":"Biscuits & Crackers","level2":"Rice Crackers"}],"cateredFlag":false,"algoliaAnalytics":{"searchQueryID":"81c30dd0056d4632461f11b895e952df","searchPosition":492},"boughtBefore":false},{"productId":"5008749-EA-000","brand":"Anchor","name":"Vanilla Flavoured Custard","displayName":"1kg","availability":["IN_STORE","ONLINE"],"saleType":"UNITS","restrictedFlag":false,"liquorFlag":false,"tobaccoFlag":false,"originRegulated":false,"singlePrice":{"price":499,"promoId":"129964370","comparativePrice":{"pricePerUnit":50,"unitQuantity":100,"unitQuantityUom":"g","measureDescription":"100g"}},"promotions":[{"promoId":"129964370","rewardValue":499,"decal":"6000","sapType":"BASE","rewardType":"NEW_PRICE","threshold":1,"limit":0,"multiProducts":false,"cardDependencyFlag":false,"bestPromotion":true,"comparativePrice":{"pricePerUnit":50,"unitQuantity":100,"unitQuantityUom":"g","measureDescription":"100g"}}],"facets":[{"itemCode":"00020012","itemDescription":"Non-GMO"},{"itemCode":"00020004","itemDescription":"Gluten Free"}],"categoryTrees":[{"level0":"Fridge, Deli & Eggs","level1":"Cream, Custard & Desserts","level2":"Custard & Chilled Desserts"}],"cateredFlag":false,"algoliaAnalytics":{"searchQueryID":"81c30dd0056d4632461f11b895e952df","searchPosition":493},"boughtBefore":false},{"productId":"5020639-EA-000","brand":"Pams","name":"Mini Frozen Hash Browns","displayName":"750g","availability":["IN_STORE","ONLINE"],"saleType":"UNITS","restrictedFlag":false,"liquorFlag":false,"tobaccoFlag":false,"originRegulated":false,"singlePrice":{"price":399,"comparativePrice":{"pricePerUnit":532,"unitQuantity":1,"unitQuantityUom":"kg","measureDescription":"1kg"}},"facets":[{"itemCode":"00020011","itemDescription":"Low Sugar"},{"itemCode":"00020012","itemDescription":"Non-GMO"}],"categoryTrees":[{"level0":"Frozen","level1":"Frozen Chips & Hash Browns","level2":"Hash Browns & Potatoes"},{"level0":"Featured","level1":"Pams","level2":"Frozen Foods"}],"cateredFlag":false,"algoliaAnalytics":{"searchQueryID":"81c30dd0056d4632461f11b895e952df","searchPosition":494},"boughtBefore":false},{"productId":"5086593-EA-000","brand":"Maggi","name":"Mexican Nachos Recipe Base Sachet","displayName":"41g","availability":["IN_STORE","ONLINE"],"saleType":"UNITS","restrictedFlag":false,"liquorFlag":false,"tobaccoFlag":false,"originRegulated":false,"singlePrice":{"price":169,"comparativePrice":{"pricePerUnit":41,"unitQuantity":10,"unitQuantityUom":"g","measureDescription":"10g"}},"categoryTrees":[{"level0":"Pantry","level1":"Cooking Sauces, Stocks & Marinades","level2":"Packet Sauce & Recipe Bases"}],"cateredFlag":false,"algoliaAnalytics":{"searchQueryID":"81c30dd0056d4632461f11b895e952df","searchPosition":495},"boughtBefore":false},{"productId":"5006409-EA-000","brand":"Indomie","name":"Mi Goreng Instant Noodles","displayName":"5pk","availability":["IN_STORE","ONLINE"],"saleType":"UNITS","restrictedFlag":false,"liquorFlag":false,"tobaccoFlag":false,"originRegulated":false,"singlePrice":{"price":429,"comparativePrice":{"pricePerUnit":101,"unitQuantity":100,"unitQuantityUom":"g","measureDescription":"100g"}},"categoryTrees":[{"level0":"Pantry","level1":"Pasta, Rice & Noodles","level2":"Instant Noodles"},{"level0":"Snacks, Treats & Easy Meals","level1":"Ready to Eat","level2":"Instant Rice & Noodle Meals"}],"cateredFlag":false,"algoliaAnalytics":{"searchQueryID":"81c30dd0056d4632461f11b895e952df","searchPosition":496},"boughtBefore":false},{"productId":"5019560-EA-000","brand":"John West","name":"Tuna With Chilli","displayName":"95g","availability":["IN_STORE","ONLINE"],"saleType":"UNITS","restrictedFlag":false,"liquorFlag":false,"tobaccoFlag":false,"originRegulated":false,"singlePrice":{"price":199,"promoId":"129993939","comparativePrice":{"pricePerUnit":2095,"unitQuantity":1,"unitQuantityUom":"kg","measureDescription":"1kg"}},"promotions":[{"promoId":"129993941","rewardValue":600,"decal":"6000","sapType":"LAYERED","rewardType":"NEW_PRICE","threshold":4,"multiProducts":true,"cardDependencyFlag":false,"bestPromotion":true,"comparativePrice":{"pricePerUnit":1579,"unitQuantity":1,"unitQuantityUom":"kg","measureDescription":"1kg"}}],"categoryTrees":[{"level0":"Pantry","level1":"Canned Foods & Packets","level2":"Canned Tuna"}],"cateredFlag":false,"algoliaAnalytics":{"searchQueryID":"81c30dd0056d4632461f11b895e952df","searchPosition":497},"boughtBefore":false},{"productId":"5274514-EA-000","brand":"Fresh 'n Fruity","name":"Simply Strawberry Yoghurt","displayName":"6 x 125g","availability":["IN_STORE","ONLINE"],"saleType":"UNITS","restrictedFlag":false,"liquorFlag":false,"tobaccoFlag":false,"originRegulated":false,"singlePrice":{"price":419,"promoId":"129963799","comparativePrice":{"pricePerUnit":56,"unitQuantity":100,"unitQuantityUom":"g","measureDescription":"100g"}},"promotions":[{"promoId":"129963799","rewardValue":419,"decal":"6000","sapType":"BASE","rewardType":"NEW_PRICE","threshold":1,"limit":0,"multiProducts":false,"cardDependencyFlag":false,"bestPromotion":true,"comparativePrice":{"pricePerUnit":56,"unitQuantity":100,"unitQuantityUom":"g","measureDescription":"100g"}}],"facets":[{"itemCode":"00020012","itemDescription":"Non-GMO"},{"itemCode":"00020009","itemDescription":"Low Fat"}],"categoryTrees":[{"level0":"Fridge, Deli & Eggs","level1":"Yoghurt","level2":"Yoghurt Multi Packs & Single Serve"},{"level0":"Snacks, Treats & Easy Meals","level1":"Lunchbox Snacks","level2":"Yoghurt Pouches & Single Serve"},{"level0":"Featured","level1":"Back to School","level2":"Breakfast On The Go","webContent":{"badgeSmallUrl":"","badgeMediumUrl":"","badgeLargeUrl":"","title":"","subTitle":"","campaignUrl":""},"appContent":{"badgeSmallUrl":"","badgeMediumUrl":"","badgeLargeUrl":"","title":"","subTitle":"","campaignUrl":""}}],"cateredFlag":false,"algoliaAnalytics":{"searchQueryID":"81c30dd0056d4632461f11b895e952df","searchPosition":498},"boughtBefore":false},{"productId":"5274512-EA-000","brand":"Fresh 'n Fruity","name":"Fruit of the Forest Yoghurt","displayName":"6 x 125g","availability":["IN_STORE","ONLINE"],"saleType":"UNITS","restrictedFlag":false,"liquorFlag":false,"tobaccoFlag":false,"originRegulated":false,"singlePrice":{"price":419,"promoId":"129963799","comparativePrice":{"pricePerUnit":56,"unitQuantity":100,"unitQuantityUom":"g","measureDescription":"100g"}},"promotions":[{"promoId":"129963799","rewardValue":419,"decal":"6000","sapType":"BASE","rewardType":"NEW_PRICE","threshold":1,"limit":0,"multiProducts":false,"cardDependencyFlag":false,"bestPromotion":true,"comparativePrice":{"pricePerUnit":56,"unitQuantity":100,"unitQuantityUom":"g","measureDescription":"100g"}}],"facets":[{"itemCode":"00020009","itemDescription":"Low Fat"},{"itemCode":"00020012","itemDescription":"Non-GMO"}],"categoryTrees":[{"level0":"Fridge, Deli & Eggs","level1":"Yoghurt","level2":"Yoghurt Multi Packs & Single Serve"},{"level0":"Snacks, Treats & Easy Meals","level1":"Lunchbox Snacks","level2":"Yoghurt Pouches & Single Serve"},{"level0":"Featured","level1":"Back to School","level2":"Breakfast On The Go","webContent":{"badgeSmallUrl":"","badgeMediumUrl":"","badgeLargeUrl":"","title":"","subTitle":"","campaignUrl":""},"appContent":{"badgeSmallUrl":"","badgeMediumUrl":"","badgeLargeUrl":"","title":"","subTitle":"","campaignUrl":""}}],"cateredFlag":false,"algoliaAnalytics":{"searchQueryID":"81c30dd0056d4632461f11b895e952df","searchPosition":499},"boughtBefore":false},{"productId":"5030432-EA-000","brand":"Yoplait","name":"With Real Vanilla Yoghurt","displayName":"1kg","availability":["IN_STORE","ONLINE"],"saleType":"UNITS","restrictedFlag":false,"liquorFlag":false,"tobaccoFlag":false,"originRegulated":false,"singlePrice":{"price":469,"comparativePrice":{"pricePerUnit":47,"unitQuantity":100,"unitQuantityUom":"g","measureDescription":"100g"}},"facets":[{"itemCode":"00020009","itemDescription":"Low Fat"},{"itemCode":"00020012","itemDescription":"Non-GMO"},{"itemCode":"00020004","itemDescription":"Gluten Free"}],"categoryTrees":[{"level0":"Fridge, Deli & Eggs","level1":"Yoghurt","level2":"Large Yoghurt Tubs"}],"cateredFlag":false,"algoliaAnalytics":{"searchQueryID":"81c30dd0056d4632461f11b895e952df","searchPosition":500},"boughtBefore":false}],"algoliaSearchResult":{"facets":{"brand":{"Pams":809,"Wattie's":155,"Mrs Rogers":111,"Colgate":90,"Anchor":81,"Korbond":81,"Healtheries":80,"Tip Top":72,"Hellers":64,"VitaPet":63,"Gregg's":60,"Value":60,"Ceres Organics":56,"Continental":52,"Dettol":52,"Tasti":52,"Mainland":51,"Griffin's":50,"Maggi":50,"Pams Value":50,"Nivea":49,"Red Seal":49,"Dove":48,"Barker's":47,"Meadow Fresh":47,"Musashi":46,"Huggies":44,"Nestle":43,"Nescafe":41,"Palmolive":40,"McCain":39,"Bic":38,"Masterfoods":37,"Mother Earth":36,"Cadbury":35,"Delmaine":34,"Kellogg's":34,"Heinz":33,"Sealord":33,"Graze":31,"Lewis Road Creamery":31,"Sistema":31,"Whittaker's":31,"Chux":30,"Edmonds":30,"Jed's Coffee Co.":30,"The Collective":30,"Pams Finest":29,"Avalanche":28,"Bundaberg":28,"Energizer":28,"Whiskas":28,"Big Black Sacks":27,"Bluebird":27,"Glow Lab":27,"Kapiti":27,"Palmolive Naturals":27,"Arnott's":26,"Diamond":26,"Fresh To Go":26,"Hubbards":26,"Lindt":26,"Schweppes":26,"Farrah's":25,"Moccona":25,"Old El Paso":25,"Persil":25,"Philips":25,"Best":24,"Chef":24,"Fresh 'n Fruity":24,"Schick":24,"Tegel":24,"Eta":23,"Purina Fancy Feast":23,"Surv":23,"Dairyworks":22,"Dine":22,"Ecostore":22,"Harpic":22,"North Head":22,"San Remo":22,"Head & Shoulders":21,"John West":21,"Lee Kum Kee":21,"Rascals":21,"V":21,"Verkerks":21,"Chelsea":20,"Jacob's Creek":20,"Leggo's":20,"Only Organic":20,"Sanitarium Up & Go":20,"U By Kotex":20,"Campbell's":19,"Eveready":19,"Magnum":19,"Nivea Men":19,"Poise":19,"Schwarzkopf Extra Care":19},"tobacco":{"false":9994},"category1NI":{"Chips, Nuts & Snacks":445,"Canned Foods & Packets":347,"Pams":344,"Biscuits & Crackers":304,"Back to School":290,"Chocolate, Sweets & Chewing Gum":288,"Cooking Sauces, Stocks & Marinades":274,"Hair Care":265,"Stationery & Entertainment":257,"Cheese":238,"Lunchbox Snacks":235,"Spices, Seasoning & Coatings":234,"Baking Supplies & Sugar":231,"Coffee":226,"Table Sauces, Dressings & Condiments":225,"Pasta, Rice & Noodles":224,"Cat":213,"Ice Cream & Sorbet":204,"Yoghurt":202,"Cleaning & Accessories":199,"Easy Meals & Meal Kits":176,"Deli Meats & Smoked Fish":169,"Homewares":165,"Food Wrap, Storage & Bags":163,"Dental & Oral Care":159,"Bath, Shower & Soap":157,"Red Wine":156,"Dog":151,"Soft Drinks & Mixers":148,"Breakfast Cereals":146,"Skin Care & Sun Care":143,"Deli Meats":137,"Laundry":134,"White Wine":130,"Medical & First Aid":125,"$5 Week 1":117,"Juice & Smoothies":111,"Period & Continence Care":111,"World Foods":111,"Vegetables":107,"Dips, Hummus & Antipasti":103,"Vitamins & Supplements":101,"Milk":98,"Deodorant & Body Sprays":97,"Ready to Eat":95,"Batteries & Electrical":93,"Jams, Honey & Spreads":93,"Beer":92,"Tea":91,"Sports & Energy Drinks":90,"Bulk Foods":86,"Desserts":86,"Nappies & Changing":83,"Chilled Soups & Ready Meals":80,"Frozen Chicken & Meat":76,"Garage & Outdoor":76,"Baby & Toddler Food":74,"Sliced & Packaged Bread":72,"Kitchen Cleaners":71,"Cakes, Muffins & Desserts":67,"Hot Chocolate & Milk Drinks":67,"Shaving & Hair Removal":65,"Frozen Fish & Seafood":64,"Bathroom & Toilet Cleaners":61,"Fresh Salad & Herbs":61,"Sports Nutrition & Weight Management":60,"Frozen Vegetables":57,"In-Store Bakery":57,"Oil & Vinegar":56,"Frozen Dumplings, Pies & Snacks":53,"Dishwashing":52,"Frozen Pizza & Ready Meals":52,"Wraps, Pita & Flat Bread":50,"Butter & Margarine":48,"Frozen Fruit & Desserts":46,"Pest & Insect Control":46,"Syrups, Cordials & Powdered Drinks":46,"Long Life & Dairy Free Milk":45,"Chilled Pasta, Pizza & Garlic Bread":43,"Baby & Toddler Toiletries":41,"Toilet Paper, Tissues & Paper Towels":40,"Mince, Sausages & Meatballs":39,"Rose Wine":39,"Seafood":39,"Champagne & Sparkling Wine":38,"Baby Formula":37,"Frozen Chips & Hash Browns":36,"Fruit":36,"Bagels, Crumpets & Pancakes":35,"Cream, Custard & Desserts":34,"Craft Beer":31,"Water":31,"Chicken & Poultry":30,"Kombucha & Functional Drinks":29,"Clothing & Accessories":28,"Nursing & Feeding":28,"Alcohol Free Drinks":27,"Burger Buns, Rolls & Garlic Bread":26,"Cider":24,"Frozen Pastry & Bread":23},"onPromotion":{"61dd754e-8525-4b9e-9e08-173389eea8a8":2714,"c3f9e1a3-fc34-452d-af2e-95349e666ba4":2702,"715f0e22-95e0-45ce-af3a-07057209976e":2698,"4a279605-eaa8-470d-bcd4-0a9e3c9ab43b":2685,"5cf0392f-c187-4fc4-a463-eb269d2e8f45":2660,"90082979-fb9f-4305-9c72-83274fc438cc":2656,"b29a98bd-749c-489c-9eef-6aa38e66a29b":2631,"2ed73be8-936d-4f35-9398-75a707f40a7b":2560,"dbca5e00-f7f9-43ae-91de-031ad16f8a92":2548,"be4c4780-218e-425a-a90f-63e21773572b":2538,"8cd700ae-d96f-4761-bd7a-805d6b93536d":2460,"d8032da3-c1b9-456e-b626-41ce21f8c67b":2401,"3c5e3145-0767-4066-9349-6c0a1313acc5":2383,"bdc5ef4a-c6a7-4f8a-b8cb-28109e6d61c3":2266,"2a1b331a-fc4a-496a-b072-e97cc8f70cae":2066,"d6d39eea-889d-4e20-923c-55cab225cf7f":2060,"c2204dae-579e-4b6b-9d42-2e13ceaa6031":2057,"65defcf2-bc15-490e-a84f-1f13b769cd22":2047,"8f0d70be-5cb7-464b-99cb-8b0130671895":2024,"b92cc33f-b5a8-4b57-9b82-412946800020":1977,"3404c253-577f-45ca-b301-c98312e46efb":1965,"c0f80e87-16be-4488-9553-da437e8c6c2a":1954,"6e6809dd-01bc-45c9-aab1-f01ccd8338b0":1952,"3bfe040b-f0c9-45e0-949b-b9ad5a591d55":1940,"92086ded-a55d-4241-a364-7d7ea91531b4":1937,"48dd98cc-a757-4102-b15d-ea82b4b10571":1931,"49037947-e450-49bf-ba1f-a94551c79a72":1915,"21ecaaed-0749-4492-985e-4bb7ba43d59c":1903,"3bb30799-82ce-4648-8c02-5113228963ed":1895,"01a114de-149c-4f5f-80a1-90cc63f69c6e":1886,"c180a72d-5dbe-4403-b7c7-91655e505492":1877,"714431ab-6e39-4df6-ac77-cfc5c1e25bc8":1864,"e1925ea7-01bc-4358-ae7c-c6502da5ab12":1860,"64eab5b1-8d79-45f4-94f1-02b8cf8b6202":1857,"1c388d5e-29ac-4956-b476-cb3431353d2e":1852,"5f167936-79ae-4f6a-b9d2-74afe1bb096b":1845,"d1cd1fdd-8767-46a6-a8d3-c3e0632c2dc8":1845,"b2e98a14-c8ca-401e-99ed-edf74570c6f6":1838,"af385423-d0f1-41f0-9482-ffd10b745143":1829,"6cda96e1-7d29-44a6-956b-3fcfdecc8184":1820,"529d66cc-60e3-432e-b8d1-efc9f2ec4919":1815,"4fcc1c8e-cc5e-4675-ba25-5e56b579cf69":1800,"7d48a781-4f68-4c91-a908-8659e1b22f95":1773,"53989945-1a28-481d-a61c-d6f75f760ada":1767,"60561e46-ece7-43a7-b142-9b14812586e4":1765,"9cd8eb60-3222-4efc-bd7c-50e03e6a81a4":1761,"33d8d6fc-861a-45ff-9937-5ccdb55eaede":1756,"15e6f441-5c1c-4d25-b4ec-1adf918c49c7":1746,"98ec3885-ac93-4fcb-807b-59c9055c52c4":1730,"94ef1985-cab1-4b39-a2f3-230120f03c16":1727,"a7d09522-bee2-41e4-8fe0-0b82b7f342f5":1712,"6c73764e-b8e6-4e55-ad37-f6a9d207da1f":1700,"b83029b6-5dd5-449e-8056-26f3943a4e18":1699,"50b1216b-d066-4457-b88b-9bccf97bf6d3":1684,"3e82142c-78dc-46f3-82ec-28e65fcf84c9":1614,"b39562a4-2b72-43fe-b9ba-eda1d651ad0b":1577,"076e8177-943b-41fc-a885-ba3d28297acf":1534},"productFacets":{"Non-GMO":4194,"Gluten Free":1186,"Dairy Free":518,"Vegetarian":461,"Low Fat":431,"Vegan":397,"Low Sugar":355,"Organic":260,"Halal":229,"Free Range":100,"Cage Free":47,"Keto":27,"Low Salt":24,"Healthy Heart Tick":1}}},"algoliaFacetQueriesResults":[],"totalHits":1000,"page":9,"totalPages":20,"hitsPerPage":50},
{"tobaccoProducts":false,"products":[{"productId":"5278897-EA-000","brand":"Mr Chips","name":"Golden Agria Straight Cut Fries","displayName":"900g","availability":["IN_STORE","ONLINE"],"saleType":"UNITS","restrictedFlag":false,"liquorFlag":false,"tobaccoFlag":false,"originRegulated":false,"singlePrice":{"price":409,"comparativePrice":{"pricePerUnit":454,"unitQuantity":1,"unitQuantityUom":"kg","measureDescription":"1kg"}},"facets":[{"itemCode":"00020004","itemDescription":"Gluten Free"},{"itemCode":"00020012","itemDescription":"Non-GMO"}],"categoryTrees":[{"level0":"Frozen","level1":"Frozen Chips & Hash Browns","level2":"Frozen Chips & Wedges"}],"cateredFlag":false,"algoliaAnalytics":{"searchQueryID":"3ee7996e1db16337bd9d84c239314144","searchPosition":401},"boughtBefore":false},{"productId":"5101400-KGM-000","name":"NZ Fresh Bone-In Pork Belly","displayName":"kg","availability":["IN_STORE","ONLINE"],"saleType":"WEIGHT","restrictedFlag":false,"liquorFlag":false,"tobaccoFlag":false,"originRegulated":true,"originStatement":"Product of New Zealand","variableWeight":{"minOrderQuantity":800,"stepSize":100,"stepUnitOfMeasure":"g"},"singlePrice":{"price":1799,"comparativePrice":{"pricePerUnit":1799,"unitQuantity":1,"unitQuantityUom":"kg","measureDescription":"1kg"}},"categoryTrees":[{"level0":"Meat, Poultry & Seafood","level1":"Pork & Ham","level2":"Roast Pork, Pork Belly & Ribs"}],"cateredFlag":false,"algoliaAnalytics":{"searchQueryID":"3ee7996e1db16337bd9d84c239314144","searchPosition":402},"boughtBefore":false},{"productId":"5206403-EA-000","brand":"Fresh Up","name":"Apple & Orange Juice","displayName":"1l","availability":["IN_STORE","ONLINE"],"saleType":"UNITS","restrictedFlag":false,"liquorFlag":false,"tobaccoFlag":false,"originRegulated":false,"singlePrice":{"price":179,"comparativePrice":{"pricePerUnit":179,"unitQuantity":1,"unitQuantityUom":"L","measureDescription":"1L"}},"facets":[{"itemCode":"00020012","itemDescription":"Non-GMO"}],"categoryTrees":[{"level0":"Hot & Cold Drinks","level1":"Juice & Smoothies","level2":"Fruit Juice"}],"cateredFlag":false,"algoliaAnalytics":{"searchQueryID":"3ee7996e1db16337bd9d84c239314144","searchPosition":403},"boughtBefore":false},{"productId":"5092030-EA-000","brand":"Eta Uppercuts","name":"Sweet Chilli Relish Potato Chips","displayName":"140g","availability":["IN_STORE","ONLINE"],"saleType":"UNITS","restrictedFlag":false,"liquorFlag":false,"tobaccoFlag":false,"originRegulated":false,"singlePrice":{"price":339,"comparativePrice":{"pricePerUnit":242,"unitQuantity":100,"unitQuantityUom":"g","measureDescription":"100g"}},"facets":[{"itemCode":"00020012","itemDescription":"Non-GMO"}],"categoryTrees":[{"level0":"Snacks, Treats & Easy Meals","level1":"Chips, Nuts & Snacks","level2":"Chips"},{"level0":"Pantry","level1":"Chips, Nuts & Snacks","level2":"Chips"}],"cateredFlag":false,"algoliaAnalytics":{"searchQueryID":"3ee7996e1db16337bd9d84c239314144","searchPosition":404},"boughtBefore":false},{"productId":"5010522-EA-000","brand":"Nestle","name":"Kit Kat Milk Chocolate Block","displayName":"160g","availability":["IN_STORE","ONLINE"],"saleType":"UNITS","restrictedFlag":false,"liquorFlag":false,"tobaccoFlag":false,"originRegulated":false,"singlePrice":{"price":569,"comparativePrice":{"pricePerUnit":356,"unitQuantity":100,"unitQuantityUom":"g","measureDescription":"100g"}},"facets":[{"itemCode":"00020014","itemDescription":"Vegetarian"},{"itemCode":"00020002","itemDescription":"Halal"}],"categoryTrees":[{"level0":"Snacks, Treats & Easy Meals","level1":"Chocolate, Sweets & Chewing Gum","level2":"Chocolate Blocks"},{"level0":"Pantry","level1":"Chocolate, Sweets & Chewing Gum","level2":"Chocolate Blocks"}],"cateredFlag":false,"algoliaAnalytics":{"searchQueryID":"3ee7996e1db16337bd9d84c239314144","searchPosition":405},"boughtBefore":false},{"productId":"5001801-EA-000","brand":"Arnott's Tim Tam","name":"Chewy Caramel Chocolate Biscuits","displayName":"175g","availability":["IN_STORE","ONLINE"],"saleType":"UNITS","restrictedFlag":false,"liquorFlag":false,"tobaccoFlag":false,"originRegulated":false,"singlePrice":{"price":469,"comparativePrice":{"pricePerUnit":268,"unitQuantity":100,"unitQuantityUom":"g","measureDescription":"100g"}},"facets":[{"itemCode":"00020012","itemDescription":"Non-GMO"}],"categoryTrees":[{"level0":"Pantry","level1":"Biscuits & Crackers","level2":"Chocolate Biscuits & Cookies"}],"cateredFlag":false,"algoliaAnalytics":{"searchQueryID":"3ee7996e1db16337bd9d84c239314144","searchPosition":406},"boughtBefore":false},{"productId":"5242374-EA-000","brand":"Monster","name":"Mango Loco Energy Drink","displayName":"500ml","availability":["IN_STORE","ONLINE"],"saleType":"UNITS","restrictedFlag":false,"liquorFlag":false,"tobaccoFlag":false,"originRegulated":false,"singlePrice":{"price":259,"comparativePrice":{"pricePerUnit":518,"unitQuantity":1,"unitQuantityUom":"L","measureDescription":"1L"}},"categoryTrees":[{"level0":"Hot & Cold Drinks","level1":"Sports & Energy Drinks","level2":"Energy Drinks"}],"cateredFlag":false,"algoliaAnalytics":{"searchQueryID":"3ee7996e1db16337bd9d84c239314144","searchPosition":407},"boughtBefore":false},{"productId":"5046507-EA-000","name":"Cauliflower Half","displayName":"ea","availability":["IN_STORE","ONLINE"],"saleType":"UNITS","restrictedFlag":false,"liquorFlag":false,"tobaccoFlag":false,"originRegulated":true,"originStatement":"Product of New Zealand","singlePrice":{"price":199},"categoryTrees":[{"level0":"Fruit & Vegetables","level1":"Vegetables","level2":"Broccoli, Cabbage & Cauliflower"}],"cateredFlag":false,"algoliaAnalytics":{"searchQueryID":"3ee7996e1db16337bd9d84c239314144","searchPosition":408},"boughtBefore":false},{"productId":"5004844-EA-000","brand":"Pams","name":"Basil & Oregano Italian Diced Tomatoes","displayName":"400g","availability":["IN_STORE","ONLINE"],"saleType":"UNITS","restrictedFlag":false,"liquorFlag":false,"tobaccoFlag":false,"originRegulated":false,"singlePrice":{"price":89,"comparativePrice":{"pricePerUnit":223,"unitQuantity":1,"unitQuantityUom":"kg","measureDescription":"1kg"}},"facets":[{"itemCode":"00020011","itemDescription":"Low Sugar"},{"itemCode":"00020007","itemDescription":"Dairy Free"},{"itemCode":"00020012","itemDescription":"Non-GMO"},{"itemCode":"00020009","itemDescription":"Low Fat"}],"categoryTrees":[{"level0":"Pantry","level1":"Canned Foods & Packets","level2":"Canned Tomatoes"},{"level0":"Featured","level1":"Pams","level2":"Canned & Prepared Foods"}],"cateredFlag":false,"algoliaAnalytics":{"searchQueryID":"3ee7996e1db16337bd9d84c239314144","searchPosition":409},"boughtBefore":false},{"productId":"5254106-EA-000","brand":"HBay","name":"Natural Artesian Water","displayName":"24 x 500ml","availability":["IN_STORE","ONLINE"],"saleType":"UNITS","restrictedFlag":false,"liquorFlag":false,"tobaccoFlag":false,"originRegulated":false,"singlePrice":{"price":719,"comparativePrice":{"pricePerUnit":60,"unitQuantity":1,"unitQuantityUom":"L","measureDescription":"1L"}},"categoryTrees":[{"level0":"Hot & Cold Drinks","level1":"Water","level2":"Still Water"}],"cateredFlag":false,"algoliaAnalytics":{"searchQueryID":"3ee7996e1db16337bd9d84c239314144","searchPosition":410},"boughtBefore":false},{"productId":"5046550-KGM-000","name":"Yellow Flesh Peaches","displayName":"kg","availability":["IN_STORE","ONLINE"],"saleType":"BOTH","restrictedFlag":false,"liquorFlag":false,"tobaccoFlag":false,"originRegulated":true,"originStatement":"Product of New Zealand","variableWeight":{"unitOfMeasure":"g","averageWeight":140,"minOrderQuantity":200,"stepSize":100,"stepUnitOfMeasure":"g"},"singlePrice":{"price":849,"comparativePrice":{"pricePerUnit":849,"unitQuantity":1,"unitQuantityUom":"kg","measureDescription":"1kg"}},"categoryTrees":[{"level0":"Fruit & Vegetables","level1":"Fruit","level2":"Peaches, Nectarines & Stone Fruit"}],"cateredFlag":false,"algoliaAnalytics":{"searchQueryID":"3ee7996e1db16337bd9d84c239314144","searchPosition":411},"boughtBefore":false},{"productId":"5045752-EA-000","name":"Potatoes","displayName":"10kg","availability":["IN_STORE","ONLINE"],"saleType":"UNITS","restrictedFlag":false,"liquorFlag":false,"tobaccoFlag":false,"originRegulated":true,"originStatement":"Product of New Zealand","singlePrice":{"price":1799,"comparativePrice":{"pricePerUnit":180,"unitQuantity":1,"unitQuantityUom":"kg","measureDescription":"1kg"}},"categoryTrees":[{"level0":"Fruit & Vegetables","level1":"Vegetables","level2":"Potato & Kumara"}],"cateredFlag":false,"algoliaAnalytics":{"searchQueryID":"3ee7996e1db16337bd9d84c239314144","searchPosition":412},"boughtBefore":false},{"productId":"5027951-EA-000","brand":"Tip Top","name":"Creamy Vanilla Ice Cream","displayName":"2l","availability":["IN_STORE","ONLINE"],"saleType":"UNITS","restrictedFlag":false,"liquorFlag":false,"tobaccoFlag":false,"originRegulated":false,"singlePrice":{"price":519,"comparativePrice":{"pricePerUnit":26,"unitQuantity":100,"unitQuantityUom":"ml","measureDescription":"100ml"}},"facets":[{"itemCode":"00020012","itemDescription":"Non-GMO"}],"categoryTrees":[{"level0":"Frozen","level1":"Ice Cream & Sorbet","level2":"Ice Cream Tubs"}],"cateredFlag":false,"algoliaAnalytics":{"searchQueryID":"3ee7996e1db16337bd9d84c239314144","searchPosition":413},"boughtBefore":false},{"productId":"5025406-EA-000","brand":"Wattie's","name":"Spaghetti In Tomato Sauce","displayName":"3 x 420g","availability":["IN_STORE","ONLINE"],"saleType":"UNITS","restrictedFlag":false,"liquorFlag":false,"tobaccoFlag":false,"originRegulated":false,"singlePrice":{"price":599,"comparativePrice":{"pricePerUnit":48,"unitQuantity":100,"unitQuantityUom":"g","measureDescription":"100g"}},"facets":[{"itemCode":"00020009","itemDescription":"Low Fat"},{"itemCode":"00020012","itemDescription":"Non-GMO"}],"categoryTrees":[{"level0":"Pantry","level1":"Canned Foods & Packets","level2":"Baked Beans & Spaghetti"}],"cateredFlag":false,"algoliaAnalytics":{"searchQueryID":"3ee7996e1db16337bd9d84c239314144","searchPosition":414},"boughtBefore":false},{"productId":"5281810-EA-000","brand":"Fresh 'n Fruity","name":"Greek Natural Thick 'n Creamy Yoghurt","displayName":"1kg","availability":["IN_STORE","ONLINE"],"saleType":"UNITS","restrictedFlag":false,"liquorFlag":false,"tobaccoFlag":false,"originRegulated":false,"singlePrice":{"price":649,"promoId":"129963796","comparativePrice":{"pricePerUnit":65,"unitQuantity":100,"unitQuantityUom":"g","measureDescription":"100g"}},"promotions":[{"promoId":"129963796","rewardValue":649,"decal":"6000","sapType":"BASE","rewardType":"NEW_PRICE","threshold":1,"limit":0,"multiProducts":false,"cardDependencyFlag":false,"bestPromotion":true,"comparativePrice":{"pricePerUnit":65,"unitQuantity":100,"unitQuantityUom":"g","measureDescription":"100g"}}],"facets":[{"itemCode":"00020012","itemDescription":"Non-GMO"},{"itemCode":"00020009","itemDescription":"Low Fat"}],"categoryTrees":[{"level0":"Fridge, Deli & Eggs","level1":"Yoghurt","level2":"Greek & Natural Yoghurt"},{"level0":"Fridge, Deli & Eggs","level1":"Yoghurt","level2":"Large Yoghurt Tubs"}],"cateredFlag":false,"algoliaAnalytics":{"searchQueryID":"3ee7996e1db16337bd9d84c239314144","searchPosition":415},"boughtBefore":false},{"productId":"5030656-EA-000","brand":"Wattie's","name":"Tomato Sauce","displayName":"560g","availability":["IN_STORE","ONLINE"],"saleType":"UNITS","restrictedFlag":false,"liquorFlag":false,"tobaccoFlag":false,"originRegulated":false,"singlePrice":{"price":499,"comparativePrice":{"pricePerUnit":89,"unitQuantity":100,"unitQuantityUom":"g","measureDescription":"100g"}},"facets":[{"itemCode":"00020012","itemDescription":"Non-GMO"}],"categoryTrees":[{"level0":"Pantry","level1":"Table Sauces, Dressings & Condiments","level2":"Tomato Sauce"}],"cateredFlag":false,"algoliaAnalytics":{"searchQueryID":"3ee7996e1db16337bd9d84c239314144","searchPosition":416},"boughtBefore":false},{"productId":"5009789-EA-000","brand":"Sealord","name":"Chunky Style Tuna In Oil","displayName":"185g","availability":["IN_STORE","ONLINE"],"saleType":"UNITS","restrictedFlag":false,"liquorFlag":false,"tobaccoFlag":false,"originRegulated":false,"singlePrice":{"price":289,"promoId":"129988687","comparativePrice":{"pricePerUnit":1562,"unitQuantity":1,"unitQuantityUom":"kg","measureDescription":"1kg"}},"promotions":[{"promoId":"129988691","rewardValue":500,"decal":"6000","sapType":"LAYERED","rewardType":"NEW_PRICE","threshold":2,"multiProducts":true,"cardDependencyFlag":false,"bestPromotion":true,"comparativePrice":{"pricePerUnit":1351,"unitQuantity":1,"unitQuantityUom":"kg","measureDescription":"1kg"}}],"facets":[{"itemCode":"00020012","itemDescription":"Non-GMO"}],"categoryTrees":[{"level0":"Pantry","level1":"Canned Foods & Packets","level2":"Canned Tuna"},{"level0":"$5 Week 1","level1":"$5 Week 1","level2":"Deals","webContent":{"badgeSmallUrl":"","badgeMediumUrl":"","badgeLargeUrl":"","title":"","subTitle":"","campaignUrl":""},"appContent":{"badgeSmallUrl":"","badgeMediumUrl":"","badgeLargeUrl":"","title":"","subTitle":"","campaignUrl":""}}],"cateredFlag":false,"algoliaAnalytics":{"searchQueryID":"3ee7996e1db16337bd9d84c239314144","searchPosition":417},"boughtBefore":false},{"productId":"5009655-EA-000","brand":"Whittaker's","name":"Creamy Caramel 33% Cocoa Milk Chocolate Block","displayName":"250g","availability":["IN_STORE","ONLINE"],"saleType":"UNITS","restrictedFlag":false,"liquorFlag":false,"tobaccoFlag":false,"originRegulated":false,"singlePrice":{"price":659,"promoId":"130003244","comparativePrice":{"pricePerUnit":264,"unitQuantity":100,"unitQuantityUom":"g","measureDescription":"100g"}},"promotions":[{"promoId":"130003244","rewardValue":659,"decal":"6000","sapType":"BASE","rewardType":"NEW_PRICE","threshold":1,"limit":0,"multiProducts":false,"cardDependencyFlag":false,"bestPromotion":true,"comparativePrice":{"pricePerUnit":264,"unitQuantity":100,"unitQuantityUom":"g","measureDescription":"100g"}}],"facets":[{"itemCode":"00020012","itemDescription":"Non-GMO"}],"categoryTrees":[{"level0":"Snacks, Treats & Easy Meals","level1":"Chocolate, Sweets & Chewing Gum","level2":"Chocolate Blocks"},{"level0":"Pantry","level1":"Chocolate, Sweets & Chewing Gum","level2":"Chocolate Blocks"}],"cateredFlag":false,"algoliaAnalytics":{"searchQueryID":"3ee7996e1db16337bd9d84c239314144","searchPosition":418},"boughtBefore":false},{"productId":"5003314-EA-000","brand":"Griffin's Krispie","name":"Biscuits","displayName":"250g","availability":["IN_STORE","ONLINE"],"saleType":"UNITS","restrictedFlag":false,"liquorFlag":false,"tobaccoFlag":false,"originRegulated":false,"singlePrice":{"price":299,"promoId":"130008225","comparativePrice":{"pricePerUnit":120,"unitQuantity":100,"unitQuantityUom":"g","measureDescription":"100g"}},"promotions":[{"promoId":"130008224","rewardValue":550,"decal":"6000","sapType":"LAYERED","rewardType":"NEW_PRICE","threshold":2,"multiProducts":true,"cardDependencyFlag":false,"bestPromotion":true,"comparativePrice":{"pricePerUnit":110,"unitQuantity":100,"unitQuantityUom":"g","measureDescription":"100g"}}],"facets":[{"itemCode":"00020012","itemDescription":"Non-GMO"}],"categoryTrees":[{"level0":"Pantry","level1":"Biscuits & Crackers","level2":"Plain Biscuits"}],"cateredFlag":false,"algoliaAnalytics":{"searchQueryID":"3ee7996e1db16337bd9d84c239314144","searchPosition":419},"boughtBefore":false},{"productId":"5011173-EA-000","brand":"Rockstar","name":"Punched Tropical Guava Energy Drink","displayName":"500ml","availability":["IN_STORE","ONLINE"],"saleType":"UNITS","restrictedFlag":false,"liquorFlag":false,"tobaccoFlag":false,"originRegulated":false,"singlePrice":{"price":249,"comparativePrice":{"pricePerUnit":498,"unitQuantity":1,"unitQuantityUom":"L","measureDescription":"1L"}},"facets":[{"itemCode":"00020012","itemDescription":"Non-GMO"}],"categoryTrees":[{"level0":"Hot & Cold Drinks","level1":"Sports & Energy Drinks","level2":"Energy Drinks"}],"cateredFlag":false,"algoliaAnalytics":{"searchQueryID":"3ee7996e1db16337bd9d84c239314144","searchPosition":420},"boughtBefore":false},{"productId":"5006856-EA-000","brand":"Pams","name":"Whole Baby Green Beans","displayName":"750g","availability":["IN_STORE","ONLINE"],"saleType":"UNITS","restrictedFlag":false,"liquorFlag":false,"tobaccoFlag":false,"originRegulated":true,"originStatement":"Product of New Zealand","singlePrice":{"price":319,"comparativePrice":{"pricePerUnit":425,"unitQuantity":1,"unitQuantityUom":"kg","measureDescription":"1kg"}},"facets":[{"itemCode":"00020009","itemDescription":"Low Fat"},{"itemCode":"00020012","itemDescription":"Non-GMO"},{"itemCode":"00020007","itemDescription":"Dairy Free"}],"categoryTrees":[{"level0":"Frozen","level1":"Frozen Vegetables","level2":"Frozen Peas, Corn & Beans"},{"level0":"Featured","level1":"Pams","level2":"Frozen Foods"}],"cateredFlag":false,"algoliaAnalytics":{"searchQueryID":"3ee7996e1db16337bd9d84c239314144","searchPosition":421},"boughtBefore":false},{"productId":"5228702-EA-000","brand":"Anchor","name":"Uno Squeezie Smooth Banana Yoghurt","displayName":"100g","availability":["IN_STORE","ONLINE"],"saleType":"UNITS","restrictedFlag":false,"liquorFlag":false,"tobaccoFlag":false,"originRegulated":false,"singlePrice":{"price":229,"comparativePrice":{"pricePerUnit":229,"unitQuantity":100,"unitQuantityUom":"g","measureDescription":"100g"}},"facets":[{"itemCode":"00020009","itemDescription":"Low Fat"},{"itemCode":"00020012","itemDescription":"Non-GMO"}],"categoryTrees":[{"level0":"Fridge, Deli & Eggs","level1":"Yoghurt","level2":"Yoghurt Multi Packs & Single Serve"},{"level0":"Snacks, Treats & Easy Meals","level1":"Lunchbox Snacks","level2":"Yoghurt Pouches & Single Serve"},{"level0":"Featured","level1":"Back to School","level2":"Lunchbox Snacks","webContent":{"badgeSmallUrl":"","badgeMediumUrl":"","badgeLargeUrl":"","title":"","subTitle":"","campaignUrl":""},"appContent":{"badgeSmallUrl":"","badgeMediumUrl":"","badgeLargeUrl":"","title":"","subTitle":"","campaignUrl":""}}],"cateredFlag":false,"algoliaAnalytics":{"searchQueryID":"3ee7996e1db16337bd9d84c239314144","searchPosition":422},"boughtBefore":false},{"productId":"5011819-EA-000","brand":"Raro","name":"Favourites Passion Orange Flavoured Beverage Mix","displayName":"3 x 80g","availability":["IN_STORE","ONLINE"],"saleType":"UNITS","restrictedFlag":false,"liquorFlag":false,"tobaccoFlag":false,"originRegulated":false,"singlePrice":{"price":179,"comparativePrice":{"pricePerUnit":75,"unitQuantity":100,"unitQuantityUom":"g","measureDescription":"100g"}},"facets":[{"itemCode":"00020012","itemDescription":"Non-GMO"}],"categoryTrees":[{"level0":"Hot & Cold Drinks","level1":"Syrups, Cordials & Powdered Drinks","level2":"Powdered Drinks"}],"cateredFlag":false,"algoliaAnalytics":{"searchQueryID":"3ee7996e1db16337bd9d84c239314144","searchPosition":423},"boughtBefore":false},{"productId":"5253891-EA-000","brand":"Paseo","name":"Ultra Soft Hypo Allergenic 3 Ply Soothing Aloe Vera Tissues","displayName":"140pk","availability":["IN_STORE","ONLINE"],"saleType":"UNITS","restrictedFlag":false,"liquorFlag":false,"tobaccoFlag":false,"originRegulated":false,"singlePrice":{"price":229,"promoId":"129996123","comparativePrice":{"pricePerUnit":164,"unitQuantity":100,"unitQuantityUom":" ","measureDescription":"100"}},"promotions":[{"promoId":"129996123","rewardValue":229,"decal":"6000","sapType":"BASE","rewardType":"NEW_PRICE","threshold":1,"limit":0,"multiProducts":false,"cardDependencyFlag":false,"bestPromotion":true,"comparativePrice":{"pricePerUnit":164,"unitQuantity":100,"unitQuantityUom":" ","measureDescription":"100"}}],"categoryTrees":[{"level0":"Health & Body","level1":"Tissues & Cotton Wool","level2":"Tissues"},{"level0":"Household & Cleaning","level1":"Toilet Paper, Tissues & Paper Towels","level2":"Tissues"}],"cateredFlag":false,"algoliaAnalytics":{"searchQueryID":"3ee7996e1db16337bd9d84c239314144","searchPosition":424},"boughtBefore":false},{"productId":"5011804-EA-000","brand":"Raro","name":"Favourites Mango Orange Flavoured Beverage Mix","displayName":"3 x 80g","availability":["IN_STORE","ONLINE"],"saleType":"UNITS","restrictedFlag":false,"liquorFlag":false,"tobaccoFlag":false,"originRegulated":false,"singlePrice":{"price":179,"comparativePrice":{"pricePerUnit":75,"unitQuantity":100,"unitQuantityUom":"g","measureDescription":"100g"}},"facets":[{"itemCode":"00020012","itemDescription":"Non-GMO"}],"categoryTrees":[{"level0":"Hot & Cold Drinks","level1":"Syrups, Cordials & Powdered Drinks","level2":"Powdered Drinks"}],"cateredFlag":false,"algoliaAnalytics":{"searchQueryID":"3ee7996e1db16337bd9d84c239314144","searchPosition":425},"boughtBefore":false},{"productId":"5230700-EA-000","brand":"Kettle Chip Company","name":"Sea Salt Potato Chips","displayName":"150g","availability":["IN_STORE","ONLINE"],"saleType":"UNITS","restrictedFlag":false,"liquorFlag":false,"tobaccoFlag":false,"originRegulated":false,"singlePrice":{"price":439,"comparativePrice":{"pricePerUnit":293,"unitQuantity":100,"unitQuantityUom":"g","measureDescription":"100g"}},"facets":[{"itemCode":"00020012","itemDescription":"Non-GMO"},{"itemCode":"00020004","itemDescription":"Gluten Free"}],"categoryTrees":[{"level0":"Snacks, Treats & Easy Meals","level1":"Chips, Nuts & Snacks","level2":"Chips"},{"level0":"Pantry","level1":"Chips, Nuts & Snacks","level2":"Chips"}],"cateredFlag":false,"algoliaAnalytics":{"searchQueryID":"3ee7996e1db16337bd9d84c239314144","searchPosition":426},"boughtBefore":false},{"productId":"5030647-EA-000","brand":"Sanitarium So Good","name":"Unsweetened Almond Milk UHT","displayName":"1l","availability":["IN_STORE","ONLINE"],"saleType":"UNITS","restrictedFlag":false,"liquorFlag":false,"tobaccoFlag":false,"originRegulated":false,"singlePrice":{"price":399,"comparativePrice":{"pricePerUnit":399,"unitQuantity":1,"unitQuantityUom":"L","measureDescription":"1L"}},"facets":[{"itemCode":"00020009","itemDescription":"Low Fat"},{"itemCode":"00020012","itemDescription":"Non-GMO"},{"itemCode":"00020007","itemDescription":"Dairy Free"},{"itemCode":"00020004","itemDescription":"Gluten Free"}],"categoryTrees":[{"level0":"Pantry","level1":"Long Life & Dairy Free Milk","level2":"Nut Milk"}],"cateredFlag":false,"algoliaAnalytics":{"searchQueryID":"3ee7996e1db16337bd9d84c239314144","searchPosition":427},"boughtBefore":false},{"productId":"5010679-EA-000","brand":"Palmolive","name":"Original Dishwashing Liquid","displayName":"500ml","availability":["IN_STORE","ONLINE"],"saleType":"UNITS","restrictedFlag":false,"liquorFlag":false,"tobaccoFlag":false,"originRegulated":false,"singlePrice":{"price":249,"comparativePrice":{"pricePerUnit":50,"unitQuantity":100,"unitQuantityUom":"ml","measureDescription":"100ml"}},"categoryTrees":[{"level0":"Household & Cleaning","level1":"Dishwashing","level2":"Dishwashing Liquid"}],"cateredFlag":false,"algoliaAnalytics":{"searchQueryID":"3ee7996e1db16337bd9d84c239314144","searchPosition":428},"boughtBefore":false},{"productId":"5241937-EA-000","brand":"Meadow Fresh","name":"Kalo Vanilla Bean Authentic Greek Yoghurt","displayName":"800g","availability":["IN_STORE","ONLINE"],"saleType":"UNITS","restrictedFlag":false,"liquorFlag":false,"tobaccoFlag":false,"originRegulated":false,"singlePrice":{"price":809,"comparativePrice":{"pricePerUnit":101,"unitQuantity":100,"unitQuantityUom":"g","measureDescription":"100g"}},"facets":[{"itemCode":"00020009","itemDescription":"Low Fat"},{"itemCode":"00020012","itemDescription":"Non-GMO"}],"categoryTrees":[{"level0":"Fridge, Deli & Eggs","level1":"Yoghurt","level2":"Greek & Natural Yoghurt"},{"level0":"Fridge, Deli & Eggs","level1":"Yoghurt","level2":"Large Yoghurt Tubs"}],"cateredFlag":false,"algoliaAnalytics":{"searchQueryID":"3ee7996e1db16337bd9d84c239314144","searchPosition":429},"boughtBefore":false},{"productId":"5002893-EA-000","brand":"V","name":"Green Guarana Energy Drink","displayName":"4 x 250ml","availability":["IN_STORE","ONLINE"],"saleType":"UNITS","restrictedFlag":false,"liquorFlag":false,"tobaccoFlag":false,"originRegulated":false,"singlePrice":{"price":799,"comparativePrice":{"pricePerUnit":799,"unitQuantity":1,"unitQuantityUom":"L","measureDescription":"1L"}},"facets":[{"itemCode":"00020012","itemDescription":"Non-GMO"}],"categoryTrees":[{"level0":"Hot & Cold Drinks","level1":"Sports & Energy Drinks","level2":"Energy Drinks"}],"cateredFlag":false,"algoliaAnalytics":{"searchQueryID":"3ee7996e1db16337bd9d84c239314144","searchPosition":430},"boughtBefore":false},{"productId":"5003748-EA-000","brand":"Pams","name":"Garden Peas","displayName":"1kg","availability":["IN_STORE","ONLINE"],"saleType":"UNITS","restrictedFlag":false,"liquorFlag":false,"tobaccoFlag":false,"originRegulated":true,"originStatement":"Product of New Zealand","singlePrice":{"price":319,"comparativePrice":{"pricePerUnit":319,"unitQuantity":1,"unitQuantityUom":"kg","measureDescription":"1kg"}},"facets":[{"itemCode":"00020007","itemDescription":"Dairy Free"},{"itemCode":"00020012","itemDescription":"Non-GMO"},{"itemCode":"00020009","itemDescription":"Low Fat"}],"categoryTrees":[{"level0":"Frozen","level1":"Frozen Vegetables","level2":"Frozen Peas, Corn & Beans"},{"level0":"Featured","level1":"Pams","level2":"Frozen Foods"}],"cateredFlag":false,"algoliaAnalytics":{"searchQueryID":"3ee7996e1db16337bd9d84c239314144","searchPosition":431},"boughtBefore":false},{"productId":"5093426-EA-000","brand":"Yakult","name":"Probiotic Drink","displayName":"10 x 65ml","availability":["IN_STORE","ONLINE"],"saleType":"UNITS","restrictedFlag":false,"liquorFlag":false,"tobaccoFlag":false,"originRegulated":false,"singlePrice":{"price":859,"comparativePrice":{"pricePerUnit":1322,"unitQuantity":1,"unitQuantityUom":"L","measureDescription":"1L"}},"facets":[{"itemCode":"00020012","itemDescription":"Non-GMO"},{"itemCode":"00020004","itemDescription":"Gluten Free"}],"categoryTrees":[{"level0":"Hot & Cold Drinks","level1":"Kombucha & Functional Drinks","level2":"Functional Drinks"},{"level0":"Fridge, Deli & Eggs","level1":"Yoghurt","level2":"Protein & Probiotic Yoghurt"}],"cateredFlag":false,"algoliaAnalytics":{"searchQueryID":"3ee7996e1db16337bd9d84c239314144","searchPosition":432},"boughtBefore":false},{"productId":"5249642-EA-000","brand":"Cadbury","name":"Dream White Chocolate Block","displayName":"180g","availability":["IN_STORE","ONLINE"],"saleType":"UNITS","restrictedFlag":false,"liquorFlag":false,"tobaccoFlag":false,"originRegulated":false,"singlePrice":{"price":329,"promoId":"130003269","comparativePrice":{"pricePerUnit":183,"unitQuantity":100,"unitQuantityUom":"g","measureDescription":"100g"}},"promotions":[{"promoId":"130003269","rewardValue":329,"decal":"6000","sapType":"BASE","rewardType":"NEW_PRICE","threshold":1,"limit":0,"multiProducts":false,"cardDependencyFlag":false,"bestPromotion":true,"comparativePrice":{"pricePerUnit":183,"unitQuantity":100,"unitQuantityUom":"g","measureDescription":"100g"}}],"facets":[{"itemCode":"00020012","itemDescription":"Non-GMO"}],"categoryTrees":[{"level0":"Snacks, Treats & Easy Meals","level1":"Chocolate, Sweets & Chewing Gum","level2":"Chocolate Blocks"},{"level0":"Pantry","level1":"Chocolate, Sweets & Chewing Gum","level2":"Chocolate Blocks"}],"cateredFlag":false,"algoliaAnalytics":{"searchQueryID":"3ee7996e1db16337bd9d84c239314144","searchPosition":433},"boughtBefore":false},{"productId":"5032120-EA-000","brand":"Sealord","name":"Satay Tuna","displayName":"95g","availability":["IN_STORE","ONLINE"],"saleType":"UNITS","restrictedFlag":false,"liquorFlag":false,"tobaccoFlag":false,"originRegulated":false,"singlePrice":{"price":209,"comparativePrice":{"pricePerUnit":2200,"unitQuantity":1,"unitQuantityUom":"kg","measureDescription":"1kg"}},"facets":[{"itemCode":"00020012","itemDescription":"Non-GMO"}],"categoryTrees":[{"level0":"Pantry","level1":"Canned Foods & Packets","level2":"Canned Tuna"}],"cateredFlag":false,"algoliaAnalytics":{"searchQueryID":"3ee7996e1db16337bd9d84c239314144","searchPosition":434},"boughtBefore":false},{"productId":"5003325-EA-000","brand":"Arnott's Cheds","name":"Crackers","displayName":"250g","availability":["IN_STORE","ONLINE"],"saleType":"UNITS","restrictedFlag":false,"liquorFlag":false,"tobaccoFlag":false,"originRegulated":false,"singlePrice":{"price":399,"comparativePrice":{"pricePerUnit":160,"unitQuantity":100,"unitQuantityUom":"g","measureDescription":"100g"}},"facets":[{"itemCode":"00020012","itemDescription":"Non-GMO"}],"categoryTrees":[{"level0":"Pantry","level1":"Biscuits & Crackers","level2":"Crackers"},{"level0":"Featured","level1":"Back to School","level2":"Lunchbox Snacks","webContent":{"badgeSmallUrl":"","badgeMediumUrl":"","badgeLargeUrl":"","title":"","subTitle":"","campaignUrl":""},"appContent":{"badgeSmallUrl":"","badgeMediumUrl":"","badgeLargeUrl":"","title":"","subTitle":"","campaignUrl":""}}],"cateredFlag":false,"algoliaAnalytics":{"searchQueryID":"3ee7996e1db16337bd9d84c239314144","searchPosition":435},"boughtBefore":false},{"productId":"5012901-EA-000","brand":"Mainland","name":"Tasty Aged Cheddar Grated Cheese","displayName":"375g","availability":["IN_STORE","ONLINE"],"saleType":"UNITS","restrictedFlag":false,"liquorFlag":false,"tobaccoFlag":false,"originRegulated":false,"singlePrice":{"price":879,"comparativePrice":{"pricePerUnit":234,"unitQuantity":100,"unitQuantityUom":"g","measureDescription":"100g"}},"facets":[{"itemCode":"00020012","itemDescription":"Non-GMO"}],"categoryTrees":[{"level0":"Fridge, Deli & Eggs","level1":"Cheese","level2":"Grated Cheese"},{"level0":"Featured","level1":"Back to School","level2":"Back to School Lunches","webContent":{"badgeSmallUrl":"","badgeMediumUrl":"","badgeLargeUrl":"","title":"","subTitle":"","campaignUrl":""},"appContent":{"badgeSmallUrl":"","badgeMediumUrl":"","badgeLargeUrl":"","title":"","subTitle":"","campaignUrl":""}}],"cateredFlag":false,"algoliaAnalytics":{"searchQueryID":"3ee7996e1db16337bd9d84c239314144","searchPosition":436},"boughtBefore":false},{"productId":"5027110-EA-000","brand":"Meadow Fresh","name":"Traditional Cottage Cheese","displayName":"500g","availability":["IN_STORE","ONLINE"],"saleType":"UNITS","restrictedFlag":false,"liquorFlag":false,"tobaccoFlag":false,"originRegulated":false,"singlePrice":{"price":659,"comparativePrice":{"pricePerUnit":132,"unitQuantity":100,"unitQuantityUom":"g","measureDescription":"100g"}},"facets":[{"itemCode":"00020012","itemDescription":"Non-GMO"},{"itemCode":"00020014","itemDescription":"Vegetarian"},{"itemCode":"00020004","itemDescription":"Gluten Free"}],"categoryTrees":[{"level0":"Fridge, Deli & Eggs","level1":"Cheese","level2":"Cream Cheese & Cottage Cheese"}],"cateredFlag":false,"algoliaAnalytics":{"searchQueryID":"3ee7996e1db16337bd9d84c239314144","searchPosition":437},"boughtBefore":false},{"productId":"5248743-EA-000","brand":"Pringles","name":"Minis Sour Cream & Onion Potato Chips","displayName":"95g","availability":["IN_STORE","ONLINE"],"saleType":"UNITS","restrictedFlag":false,"liquorFlag":false,"tobaccoFlag":false,"originRegulated":false,"singlePrice":{"price":399,"comparativePrice":{"pricePerUnit":420,"unitQuantity":100,"unitQuantityUom":"g","measureDescription":"100g"}},"categoryTrees":[{"level0":"Snacks, Treats & Easy Meals","level1":"Chips, Nuts & Snacks","level2":"Chips"},{"level0":"Pantry","level1":"Chips, Nuts & Snacks","level2":"Chips"},{"level0":"Featured","level1":"Back to School","level2":"Lunchbox Snacks","webContent":{"badgeSmallUrl":"","badgeMediumUrl":"","badgeLargeUrl":"","title":"","subTitle":"","campaignUrl":""},"appContent":{"badgeSmallUrl":"","badgeMediumUrl":"","badgeLargeUrl":"","title":"","subTitle":"","campaignUrl":""}}],"cateredFlag":false,"algoliaAnalytics":{"searchQueryID":"3ee7996e1db16337bd9d84c239314144","searchPosition":438},"boughtBefore":false},{"productId":"5042120-EA-000","brand":"Gopala","name":"Low Fat Natural Yoghurt","displayName":"750g","availability":["IN_STORE","ONLINE"],"saleType":"UNITS","restrictedFlag":false,"liquorFlag":false,"tobaccoFlag":false,"originRegulated":false,"singlePrice":{"price":329,"comparativePrice":{"pricePerUnit":44,"unitQuantity":100,"unitQuantityUom":"g","measureDescription":"100g"}},"facets":[{"itemCode":"00020009","itemDescription":"Low Fat"}],"categoryTrees":[{"level0":"Fridge, Deli & Eggs","level1":"Yoghurt","level2":"Greek & Natural Yoghurt"},{"level0":"Fridge, Deli & Eggs","level1":"Yoghurt","level2":"Large Yoghurt Tubs"}],"cateredFlag":false,"algoliaAnalytics":{"searchQueryID":"3ee7996e1db16337bd9d84c239314144","searchPosition":439},"boughtBefore":false},{"productId":"5046286-EA-000","name":"Mixed Salad","displayName":"250g","availability":["IN_STORE","ONLINE"],"saleType":"UNITS","restrictedFlag":false,"liquorFlag":false,"tobaccoFlag":false,"originRegulated":true,"originStatement":"Product of New Zealand","singlePrice":{"price":549,"comparativePrice":{"pricePerUnit":2196,"unitQuantity":1,"unitQuantityUom":"kg","measureDescription":"1kg"}},"categoryTrees":[{"level0":"Fruit & Vegetables","level1":"Vegetables","level2":"Lettuce, Spinach & Salad Greens"},{"level0":"Fruit & Vegetables","level1":"Fresh Salad & Herbs","level2":"Lettuce, Spinach & Salad Greens"}],"cateredFlag":false,"algoliaAnalytics":{"searchQueryID":"3ee7996e1db16337bd9d84c239314144","searchPosition":440},"boughtBefore":false},{"productId":"5000524-EA-000","brand":"Anchor","name":"Pure Cream","displayName":"2l","availability":["IN_STORE","ONLINE"],"saleType":"UNITS","restrictedFlag":false,"liquorFlag":false,"tobaccoFlag":false,"originRegulated":false,"singlePrice":{"price":1675,"comparativePrice":{"pricePerUnit":84,"unitQuantity":100,"unitQuantityUom":"ml","measureDescription":"100ml"}},"facets":[{"itemCode":"00020012","itemDescription":"Non-GMO"}],"categoryTrees":[{"level0":"Fridge, Deli & Eggs","level1":"Cream, Custard & Desserts","level2":"Fresh Cream"}],"cateredFlag":false,"algoliaAnalytics":{"searchQueryID":"3ee7996e1db16337bd9d84c239314144","searchPosition":441},"boughtBefore":false},{"productId":"5092356-EA-000","brand":"Pringles","name":"Original Potato Chips","displayName":"134g","availability":["IN_STORE","ONLINE"],"saleType":"UNITS","restrictedFlag":false,"liquorFlag":false,"tobaccoFlag":false,"originRegulated":false,"singlePrice":{"price":379,"comparativePrice":{"pricePerUnit":283,"unitQuantity":100,"unitQuantityUom":"g","measureDescription":"100g"}},"facets":[{"itemCode":"00020012","itemDescription":"Non-GMO"}],"categoryTrees":[{"level0":"Snacks, Treats & Easy Meals","level1":"Chips, Nuts & Snacks","level2":"Chips"},{"level0":"Pantry","level1":"Chips, Nuts & Snacks","level2":"Chips"}],"cateredFlag":false,"algoliaAnalytics":{"searchQueryID":"3ee7996e1db16337bd9d84c239314144","searchPosition":442},"boughtBefore":false},{"productId":"5025396-EA-000","brand":"McCain","name":"Hash Browns","displayName":"750g","availability":["IN_STORE","ONLINE"],"saleType":"UNITS","restrictedFlag":false,"liquorFlag":false,"tobaccoFlag":false,"originRegulated":false,"singlePrice":{"price":599,"comparativePrice":{"pricePerUnit":799,"unitQuantity":1,"unitQuantityUom":"kg","measureDescription":"1kg"}},"facets":[{"itemCode":"00020012","itemDescription":"Non-GMO"}],"categoryTrees":[{"level0":"Frozen","level1":"Frozen Chips & Hash Browns","level2":"Hash Browns & Potatoes"}],"cateredFlag":false,"algoliaAnalytics":{"searchQueryID":"3ee7996e1db16337bd9d84c239314144","searchPosition":443},"boughtBefore":false},{"productId":"5219762-EA-000","brand":"Pams","name":"Black Beans In Brine","displayName":"410g","availability":["IN_STORE","ONLINE"],"saleType":"UNITS","restrictedFlag":false,"liquorFlag":false,"tobaccoFlag":false,"originRegulated":false,"singlePrice":{"price":89,"comparativePrice":{"pricePerUnit":223,"unitQuantity":1,"unitQuantityUom":"kg","measureDescription":"1kg"}},"facets":[{"itemCode":"00020012","itemDescription":"Non-GMO"},{"itemCode":"00020011","itemDescription":"Low Sugar"},{"itemCode":"00020007","itemDescription":"Dairy Free"}],"categoryTrees":[{"level0":"Pantry","level1":"Canned Foods & Packets","level2":"Chickpeas, Lentils & Beans"}],"cateredFlag":false,"algoliaAnalytics":{"searchQueryID":"3ee7996e1db16337bd9d84c239314144","searchPosition":444},"boughtBefore":false},{"productId":"5009324-EA-000","brand":"Fresh 'n Fruity","name":"Berry Favourites Yoghurt","displayName":"12 x 100g","availability":["IN_STORE","ONLINE"],"saleType":"UNITS","restrictedFlag":false,"liquorFlag":false,"tobaccoFlag":false,"originRegulated":false,"singlePrice":{"price":899,"comparativePrice":{"pricePerUnit":75,"unitQuantity":100,"unitQuantityUom":"g","measureDescription":"100g"}},"facets":[{"itemCode":"00020012","itemDescription":"Non-GMO"},{"itemCode":"00020002","itemDescription":"Halal"},{"itemCode":"00020009","itemDescription":"Low Fat"}],"categoryTrees":[{"level0":"Fridge, Deli & Eggs","level1":"Yoghurt","level2":"Yoghurt Multi Packs & Single Serve"},{"level0":"Snacks, Treats & Easy Meals","level1":"Lunchbox Snacks","level2":"Yoghurt Pouches & Single Serve"},{"level0":"Featured","level1":"Back to School","level2":"Lunchbox Snacks","webContent":{"badgeSmallUrl":"","badgeMediumUrl":"","badgeLargeUrl":"","title":"","subTitle":"","campaignUrl":""},"appContent":{"badgeSmallUrl":"","badgeMediumUrl":"","badgeLargeUrl":"","title":"","subTitle":"","campaignUrl":""}},{"level0":"Featured","level1":"Back to School","level2":"Breakfast On The Go","webContent":{"badgeSmallUrl":"","badgeMediumUrl":"","badgeLargeUrl":"","title":"","subTitle":"","campaignUrl":""},"appContent":{"badgeSmallUrl":"","badgeMediumUrl":"","badgeLargeUrl":"","title":"","subTitle":"","campaignUrl":""}}],"cateredFlag":false,"algoliaAnalytics":{"searchQueryID":"3ee7996e1db16337bd9d84c239314144","searchPosition":445},"boughtBefore":false},{"productId":"5003839-EA-000","brand":"Pams","name":"Rolled Oats","displayName":"1.5kg","availability":["IN_STORE","ONLINE"],"saleType":"UNITS","restrictedFlag":false,"liquorFlag":false,"tobaccoFlag":false,"originRegulated":false,"singlePrice":{"price":449,"comparativePrice":{"pricePerUnit":30,"unitQuantity":100,"unitQuantityUom":"g","measureDescription":"100g"}},"facets":[{"itemCode":"00020011","itemDescription":"Low Sugar"},{"itemCode":"00020012","itemDescription":"Non-GMO"}],"categoryTrees":[{"level0":"Pantry","level1":"Breakfast Cereals","level2":"Oats & Porridge"},{"level0":"Featured","level1":"Pams","level2":"Breakfast Cereals"}],"cateredFlag":false,"algoliaAnalytics":{"searchQueryID":"3ee7996e1db16337bd9d84c239314144","searchPosition":446},"boughtBefore":false},{"productId":"5092028-EA-000","brand":"Eta Uppercuts","name":"Sea Salt Potato Chips","displayName":"140g","availability":["IN_STORE","ONLINE"],"saleType":"UNITS","restrictedFlag":false,"liquorFlag":false,"tobaccoFlag":false,"originRegulated":false,"singlePrice":{"price":339,"comparativePrice":{"pricePerUnit":242,"unitQuantity":100,"unitQuantityUom":"g","measureDescription":"100g"}},"facets":[{"itemCode":"00020012","itemDescription":"Non-GMO"}],"categoryTrees":[{"level0":"Snacks, Treats & Easy Meals","level1":"Chips, Nuts & Snacks","level2":"Chips"},{"level0":"Pantry","level1":"Chips, Nuts & Snacks","level2":"Chips"}],"cateredFlag":false,"algoliaAnalytics":{"searchQueryID":"3ee7996e1db16337bd9d84c239314144","searchPosition":447},"boughtBefore":false},{"productId":"5026161-EA-000","brand":"Philadelphia","name":"Original Spreadable Cream Cheese","displayName":"250g","availability":["IN_STORE","ONLINE"],"saleType":"UNITS","restrictedFlag":false,"liquorFlag":false,"tobaccoFlag":false,"originRegulated":false,"singlePrice":{"price":549,"comparativePrice":{"pricePerUnit":220,"unitQuantity":100,"unitQuantityUom":"g","measureDescription":"100g"}},"facets":[{"itemCode":"00020004","itemDescription":"Gluten Free"},{"itemCode":"00020012","itemDescription":"Non-GMO"}],"categoryTrees":[{"level0":"Fridge, Deli & Eggs","level1":"Cheese","level2":"Cream Cheese & Cottage Cheese"}],"cateredFlag":false,"algoliaAnalytics":{"searchQueryID":"3ee7996e1db16337bd9d84c239314144","searchPosition":448},"boughtBefore":false},{"productId":"5273198-EA-000","brand":"Sanitarium So Good","name":"No Added Sugar Oat Milk","displayName":"1l","availability":["IN_STORE","ONLINE"],"saleType":"UNITS","restrictedFlag":false,"liquorFlag":false,"tobaccoFlag":false,"originRegulated":false,"singlePrice":{"price":379,"comparativePrice":{"pricePerUnit":379,"unitQuantity":1,"unitQuantityUom":"L","measureDescription":"1L"}},"facets":[{"itemCode":"00020012","itemDescription":"Non-GMO"},{"itemCode":"00020007","itemDescription":"Dairy Free"}],"categoryTrees":[{"level0":"Pantry","level1":"Long Life & Dairy Free Milk","level2":"Oat & Rice Milk"}],"cateredFlag":false,"algoliaAnalytics":{"searchQueryID":"3ee7996e1db16337bd9d84c239314144","searchPosition":449},"boughtBefore":false},{"productId":"5007482-EA-000","brand":"Pams","name":"Mozzarella Grated Cheese","displayName":"375g","availability":["IN_STORE","ONLINE"],"saleType":"UNITS","restrictedFlag":false,"liquorFlag":false,"tobaccoFlag":false,"originRegulated":false,"singlePrice":{"price":819,"promoId":"129964731","comparativePrice":{"pricePerUnit":218,"unitQuantity":100,"unitQuantityUom":"g","measureDescription":"100g"}},"promotions":[{"promoId":"129964731","rewardValue":819,"decal":"6000","sapType":"BASE","rewardType":"NEW_PRICE","threshold":1,"limit":0,"multiProducts":false,"cardDependencyFlag":false,"bestPromotion":true,"comparativePrice":{"pricePerUnit":218,"unitQuantity":100,"unitQuantityUom":"g","measureDescription":"100g"}}],"facets":[{"itemCode":"00020012","itemDescription":"Non-GMO"},{"itemCode":"00020014","itemDescription":"Vegetarian"}],"categoryTrees":[{"level0":"Fridge, Deli & Eggs","level1":"Cheese","level2":"Halloumi, Mozzarella & Parmesan"},{"level0":"Fridge, Deli & Eggs","level1":"Cheese","level2":"Grated Cheese"},{"level0":"Featured","level1":"Pams","level2":"Cheese"}],"cateredFlag":false,"algoliaAnalytics":{"searchQueryID":"3ee7996e1db16337bd9d84c239314144","searchPosition":450},"boughtBefore":false}],"algoliaSearchResult":{"facets":{"brand":{"Pams":809,"Wattie's":155,"Mrs Rogers":111,"Colgate":90,"Anchor":81,"Korbond":81,"Healtheries":80,"Tip Top":72,"Hellers":64,"VitaPet":63,"Gregg's":60,"Value":60,"Ceres Organics":56,"Continental":52,"Dettol":52,"Tasti":52,"Mainland":51,"Griffin's":50,"Maggi":50,"Pams Value":50,"Nivea":49,"Red Seal":49,"Dove":48,"Barker's":47,"Meadow Fresh":47,"Musashi":46,"Huggies":44,"Nestle":43,"Nescafe":41,"Palmolive":40,"McCain":39,"Bic":38,"Masterfoods":37,"Mother Earth":36,"Cadbury":35,"Delmaine":34,"Kellogg's":34,"Heinz":33,"Sealord":33,"Graze":31,"Lewis Road Creamery":31,"Sistema":31,"Whittaker's":31,"Chux":30,"Edmonds":30,"Jed's Coffee Co.":30,"The Collective":30,"Pams Finest":29,"Avalanche":28,"Bundaberg":28,"Energizer":28,"Whiskas":28,"Big Black Sacks":27,"Bluebird":27,"Glow Lab":27,"Kapiti":27,"Palmolive Naturals":27,"Arnott's":26,"Diamond":26,"Fresh To Go":26,"Hubbards":26,"Lindt":26,"Schweppes":26,"Farrah's":25,"Moccona":25,"Old El Paso":25,"Persil":25,"Philips":25,"Best":24,"Chef":24,"Fresh 'n Fruity":24,"Schick":24,"Tegel":24,"Eta":23,"Purina Fancy Feast":23,"Surv":23,"Dairyworks":22,"Dine":22,"Ecostore":22,"Harpic":22,"North Head":22,"San Remo":22,"Head & Shoulders":21,"John West":21,"Lee Kum Kee":21,"Rascals":21,"V":21,"Verkerks":21,"Chelsea":20,"Jacob's Creek":20,"Leggo's":20,"Only Organic":20,"Sanitarium Up & Go":20,"U By Kotex":20,"Campbell's":19,"Eveready":19,"Magnum":19,"Nivea Men":19,"Poise":19,"Schwarzkopf Extra Care":19},"tobacco":{"false":9994},"category1NI":{"Chips, Nuts & Snacks":445,"Canned Foods & Packets":347,"Pams":344,"Biscuits & Crackers":304,"Back to School":290,"Chocolate, Sweets & Chewing Gum":288,"Cooking Sauces, Stocks & Marinades":274,"Hair Care":265,"Stationery & Entertainment":257,"Cheese":238,"Lunchbox Snacks":235,"Spices, Seasoning & Coatings":234,"Baking Supplies & Sugar":231,"Coffee":226,"Table Sauces, Dressings & Condiments":225,"Pasta, Rice & Noodles":224,"Cat":213,"Ice Cream & Sorbet":204,"Yoghurt":202,"Cleaning & Accessories":199,"Easy Meals & Meal Kits":176,"Deli Meats & Smoked Fish":169,"Homewares":165,"Food Wrap, Storage & Bags":163,"Dental & Oral Care":159,"Bath, Shower & Soap":157,"Red Wine":156,"Dog":151,"Soft Drinks & Mixers":148,"Breakfast Cereals":146,"Skin Care & Sun Care":143,"Deli Meats":137,"Laundry":134,"White Wine":130,"Medical & First Aid":125,"$5 Week 1":117,"Juice & Smoothies":111,"Period & Continence Care":111,"World Foods":111,"Vegetables":107,"Dips, Hummus & Antipasti":103,"Vitamins & Supplements":101,"Milk":98,"Deodorant & Body Sprays":97,"Ready to Eat":95,"Batteries & Electrical":93,"Jams, Honey & Spreads":93,"Beer":92,"Tea":91,"Sports & Energy Drinks":90,"Bulk Foods":86,"Desserts":86,"Nappies & Changing":83,"Chilled Soups & Ready Meals":80,"Frozen Chicken & Meat":76,"Garage & Outdoor":76,"Baby & Toddler Food":74,"Sliced & Packaged Bread":72,"Kitchen Cleaners":71,"Cakes, Muffins & Desserts":67,"Hot Chocolate & Milk Drinks":67,"Shaving & Hair Removal":65,"Frozen Fish & Seafood":64,"Bathroom & Toilet Cleaners":61,"Fresh Salad & Herbs":61,"Sports Nutrition & Weight Management":60,"Frozen Vegetables":57,"In-Store Bakery":57,"Oil & Vinegar":56,"Frozen Dumplings, Pies & Snacks":53,"Dishwashing":52,"Frozen Pizza & Ready Meals":52,"Wraps, Pita & Flat Bread":50,"Butter & Margarine":48,"Frozen Fruit & Desserts":46,"Pest & Insect Control":46,"Syrups, Cordials & Powdered Drinks":46,"Long Life & Dairy Free Milk":45,"Chilled Pasta, Pizza & Garlic Bread":43,"Baby & Toddler Toiletries":41,"Toilet Paper, Tissues & Paper Towels":40,"Mince, Sausages & Meatballs":39,"Rose Wine":39,"Seafood":39,"Champagne & Sparkling Wine":38,"Baby Formula":37,"Frozen Chips & Hash Browns":36,"Fruit":36,"Bagels, Crumpets & Pancakes":35,"Cream, Custard & Desserts":34,"Craft Beer":31,"Water":31,"Chicken & Poultry":30,"Kombucha & Functional Drinks":29,"Clothing & Accessories":28,"Nursing & Feeding":28,"Alcohol Free Drinks":27,"Burger Buns, Rolls & Garlic Bread":26,"Cider":24,"Frozen Pastry & Bread":23},"onPromotion":{"61dd754e-8525-4b9e-9e08-173389eea8a8":2714,"c3f9e1a3-fc34-452d-af2e-95349e666ba4":2702,"715f0e22-95e0-45ce-af3a-07057209976e":2698,"4a279605-eaa8-470d-bcd4-0a9e3c9ab43b":2685,"5cf0392f-c187-4fc4-a463-eb269d2e8f45":2660,"90082979-fb9f-4305-9c72-83274fc438cc":2656,"b29a98bd-749c-489c-9eef-6aa38e66a29b":2631,"2ed73be8-936d-4f35-9398-75a707f40a7b":2560,"dbca5e00-f7f9-43ae-91de-031ad16f8a92":2548,"be4c4780-218e-425a-a90f-63e21773572b":2538,"8cd700ae-d96f-4761-bd7a-805d6b93536d":2460,"d8032da3-c1b9-456e-b626-41ce21f8c67b":2401,"3c5e3145-0767-4066-9349-6c0a1313acc5":2383,"bdc5ef4a-c6a7-4f8a-b8cb-28109e6d61c3":2266,"2a1b331a-fc4a-496a-b072-e97cc8f70cae":2066,"d6d39eea-889d-4e20-923c-55cab225cf7f":2060,"c2204dae-579e-4b6b-9d42-2e13ceaa6031":2057,"65defcf2-bc15-490e-a84f-1f13b769cd22":2047,"8f0d70be-5cb7-464b-99cb-8b0130671895":2024,"b92cc33f-b5a8-4b57-9b82-412946800020":1977,"3404c253-577f-45ca-b301-c98312e46efb":1965,"c0f80e87-16be-4488-9553-da437e8c6c2a":1954,"6e6809dd-01bc-45c9-aab1-f01ccd8338b0":1952,"3bfe040b-f0c9-45e0-949b-b9ad5a591d55":1940,"92086ded-a55d-4241-a364-7d7ea91531b4":1937,"48dd98cc-a757-4102-b15d-ea82b4b10571":1931,"49037947-e450-49bf-ba1f-a94551c79a72":1915,"21ecaaed-0749-4492-985e-4bb7ba43d59c":1903,"3bb30799-82ce-4648-8c02-5113228963ed":1895,"01a114de-149c-4f5f-80a1-90cc63f69c6e":1886,"c180a72d-5dbe-4403-b7c7-91655e505492":1877,"714431ab-6e39-4df6-ac77-cfc5c1e25bc8":1864,"e1925ea7-01bc-4358-ae7c-c6502da5ab12":1860,"64eab5b1-8d79-45f4-94f1-02b8cf8b6202":1857,"1c388d5e-29ac-4956-b476-cb3431353d2e":1852,"5f167936-79ae-4f6a-b9d2-74afe1bb096b":1845,"d1cd1fdd-8767-46a6-a8d3-c3e0632c2dc8":1845,"b2e98a14-c8ca-401e-99ed-edf74570c6f6":1838,"af385423-d0f1-41f0-9482-ffd10b745143":1829,"6cda96e1-7d29-44a6-956b-3fcfdecc8184":1820,"529d66cc-60e3-432e-b8d1-efc9f2ec4919":1815,"4fcc1c8e-cc5e-4675-ba25-5e56b579cf69":1800,"7d48a781-4f68-4c91-a908-8659e1b22f95":1773,"53989945-1a28-481d-a61c-d6f75f760ada":1767,"60561e46-ece7-43a7-b142-9b14812586e4":1765,"9cd8eb60-3222-4efc-bd7c-50e03e6a81a4":1761,"33d8d6fc-861a-45ff-9937-5ccdb55eaede":1756,"15e6f441-5c1c-4d25-b4ec-1adf918c49c7":1746,"98ec3885-ac93-4fcb-807b-59c9055c52c4":1730,"94ef1985-cab1-4b39-a2f3-230120f03c16":1727,"a7d09522-bee2-41e4-8fe0-0b82b7f342f5":1712,"6c73764e-b8e6-4e55-ad37-f6a9d207da1f":1700,"b83029b6-5dd5-449e-8056-26f3943a4e18":1699,"50b1216b-d066-4457-b88b-9bccf97bf6d3":1684,"3e82142c-78dc-46f3-82ec-28e65fcf84c9":1614,"b39562a4-2b72-43fe-b9ba-eda1d651ad0b":1577,"076e8177-943b-41fc-a885-ba3d28297acf":1534},"productFacets":{"Non-GMO":4194,"Gluten Free":1186,"Dairy Free":518,"Vegetarian":461,"Low Fat":431,"Vegan":397,"Low Sugar":355,"Organic":260,"Halal":229,"Free Range":100,"Cage Free":47,"Keto":27,"Low Salt":24,"Healthy Heart Tick":1}}},"algoliaFacetQueriesResults":[],"totalHits":1000,"page":8,"totalPages":20,"hitsPerPage":50},
{"tobaccoProducts":false,"products":[{"productId":"5011933-EA-000","brand":"Molenberg","name":"Soy & Linseed Toast Bread","displayName":"700g","availability":["IN_STORE","ONLINE"],"saleType":"UNITS","restrictedFlag":false,"liquorFlag":false,"tobaccoFlag":false,"originRegulated":false,"singlePrice":{"price":379,"comparativePrice":{"pricePerUnit":54,"unitQuantity":100,"unitQuantityUom":"g","measureDescription":"100g"}},"facets":[{"itemCode":"00020012","itemDescription":"Non-GMO"}],"categoryTrees":[{"level0":"Bakery","level1":"Sliced & Packaged Bread","level2":"Wholemeal, Grain & Seeded Bread"}],"cateredFlag":false,"algoliaAnalytics":{"searchQueryID":"6fc4acb5adf4a8f58a45dbcc1a236bec","searchPosition":351},"boughtBefore":false},{"productId":"5013075-EA-000","brand":"Raro","name":"Favourites Tropical Flavoured Beverage Mix","displayName":"3 x 80g","availability":["IN_STORE","ONLINE"],"saleType":"UNITS","restrictedFlag":false,"liquorFlag":false,"tobaccoFlag":false,"originRegulated":false,"singlePrice":{"price":179,"comparativePrice":{"pricePerUnit":75,"unitQuantity":100,"unitQuantityUom":"g","measureDescription":"100g"}},"facets":[{"itemCode":"00020012","itemDescription":"Non-GMO"}],"categoryTrees":[{"level0":"Hot & Cold Drinks","level1":"Syrups, Cordials & Powdered Drinks","level2":"Powdered Drinks"}],"cateredFlag":false,"algoliaAnalytics":{"searchQueryID":"6fc4acb5adf4a8f58a45dbcc1a236bec","searchPosition":352},"boughtBefore":false},{"productId":"5009650-EA-000","brand":"Whittaker's","name":"Dark Ghana 72% Cocoa Dark Chocolate Block","displayName":"250g","availability":["IN_STORE","ONLINE"],"saleType":"UNITS","restrictedFlag":false,"liquorFlag":false,"tobaccoFlag":false,"originRegulated":false,"singlePrice":{"price":659,"promoId":"130003244","comparativePrice":{"pricePerUnit":264,"unitQuantity":100,"unitQuantityUom":"g","measureDescription":"100g"}},"promotions":[{"promoId":"130003244","rewardValue":659,"decal":"6000","sapType":"BASE","rewardType":"NEW_PRICE","threshold":1,"limit":0,"multiProducts":false,"cardDependencyFlag":false,"bestPromotion":true,"comparativePrice":{"pricePerUnit":264,"unitQuantity":100,"unitQuantityUom":"g","measureDescription":"100g"}}],"facets":[{"itemCode":"00020012","itemDescription":"Non-GMO"}],"categoryTrees":[{"level0":"Snacks, Treats & Easy Meals","level1":"Chocolate, Sweets & Chewing Gum","level2":"Chocolate Blocks"},{"level0":"Pantry","level1":"Chocolate, Sweets & Chewing Gum","level2":"Chocolate Blocks"}],"cateredFlag":false,"algoliaAnalytics":{"searchQueryID":"6fc4acb5adf4a8f58a45dbcc1a236bec","searchPosition":353},"boughtBefore":false},{"productId":"5014500-EA-000","brand":"Sealord","name":"Sweet Thai Chilli Tuna","displayName":"185g","availability":["IN_STORE","ONLINE"],"saleType":"UNITS","restrictedFlag":false,"liquorFlag":false,"tobaccoFlag":false,"originRegulated":false,"singlePrice":{"price":289,"promoId":"129988687","comparativePrice":{"pricePerUnit":1562,"unitQuantity":1,"unitQuantityUom":"kg","measureDescription":"1kg"}},"promotions":[{"promoId":"129988691","rewardValue":500,"decal":"6000","sapType":"LAYERED","rewardType":"NEW_PRICE","threshold":2,"multiProducts":true,"cardDependencyFlag":false,"bestPromotion":true,"comparativePrice":{"pricePerUnit":1351,"unitQuantity":1,"unitQuantityUom":"kg","measureDescription":"1kg"}}],"facets":[{"itemCode":"00020012","itemDescription":"Non-GMO"}],"categoryTrees":[{"level0":"Pantry","level1":"Canned Foods & Packets","level2":"Canned Tuna"},{"level0":"$5 Week 1","level1":"$5 Week 1","level2":"Deals","webContent":{"badgeSmallUrl":"","badgeMediumUrl":"","badgeLargeUrl":"","title":"","subTitle":"","campaignUrl":""},"appContent":{"badgeSmallUrl":"","badgeMediumUrl":"","badgeLargeUrl":"","title":"","subTitle":"","campaignUrl":""}}],"cateredFlag":false,"algoliaAnalytics":{"searchQueryID":"6fc4acb5adf4a8f58a45dbcc1a236bec","searchPosition":354},"boughtBefore":false},{"productId":"5004748-EA-000","brand":"Pams","name":"Chicken Flavoured Rice Crackers","displayName":"100g","availability":["IN_STORE","ONLINE"],"saleType":"UNITS","restrictedFlag":false,"liquorFlag":false,"tobaccoFlag":false,"originRegulated":false,"singlePrice":{"price":99,"comparativePrice":{"pricePerUnit":99,"unitQuantity":100,"unitQuantityUom":"g","measureDescription":"100g"}},"facets":[{"itemCode":"00020004","itemDescription":"Gluten Free"},{"itemCode":"00020012","itemDescription":"Non-GMO"}],"categoryTrees":[{"level0":"Pantry","level1":"Biscuits & Crackers","level2":"Rice Crackers"},{"level0":"Featured","level1":"Back to School","level2":"Lunchbox Snacks","webContent":{"badgeSmallUrl":"","badgeMediumUrl":"","badgeLargeUrl":"","title":"","subTitle":"","campaignUrl":""},"appContent":{"badgeSmallUrl":"","badgeMediumUrl":"","badgeLargeUrl":"","title":"","subTitle":"","campaignUrl":""}}],"cateredFlag":false,"algoliaAnalytics":{"searchQueryID":"6fc4acb5adf4a8f58a45dbcc1a236bec","searchPosition":355},"boughtBefore":false},{"productId":"5009707-EA-000","brand":"Maggi","name":"Creme Of Chicken Soup","displayName":"37g","availability":["IN_STORE","ONLINE"],"saleType":"UNITS","restrictedFlag":false,"liquorFlag":false,"tobaccoFlag":false,"originRegulated":false,"singlePrice":{"price":129,"comparativePrice":{"pricePerUnit":349,"unitQuantity":100,"unitQuantityUom":"g","measureDescription":"100g"}},"categoryTrees":[{"level0":"Pantry","level1":"Canned Foods & Packets","level2":"Canned & Packet Soup"}],"cateredFlag":false,"algoliaAnalytics":{"searchQueryID":"6fc4acb5adf4a8f58a45dbcc1a236bec","searchPosition":356},"boughtBefore":false},{"productId":"5127149-EA-000","brand":"Kara","name":"Classic Coconut Milk","displayName":"400ml","availability":["IN_STORE","ONLINE"],"saleType":"UNITS","restrictedFlag":false,"liquorFlag":false,"tobaccoFlag":false,"originRegulated":false,"singlePrice":{"price":349,"comparativePrice":{"pricePerUnit":87,"unitQuantity":100,"unitQuantityUom":"ml","measureDescription":"100ml"}},"categoryTrees":[{"level0":"Pantry","level1":"Canned Foods & Packets","level2":"Coconut Cream & Milk"}],"cateredFlag":false,"algoliaAnalytics":{"searchQueryID":"6fc4acb5adf4a8f58a45dbcc1a236bec","searchPosition":357},"boughtBefore":false},{"productId":"5268456-KGM-000","name":"Vannamei Whole Raw Prawns (Prefrozen)","displayName":"kg","availability":["IN_STORE","ONLINE"],"saleType":"WEIGHT","restrictedFlag":false,"liquorFlag":false,"tobaccoFlag":false,"originRegulated":true,"originStatement":"Product of Ecuador","variableWeight":{"minOrderQuantity":100,"stepSize":100,"stepUnitOfMeasure":"g"},"singlePrice":{"price":1829,"promoId":"130004580","comparativePrice":{"pricePerUnit":1829,"unitQuantity":1,"unitQuantityUom":"kg","measureDescription":"1kg"}},"promotions":[{"promoId":"130004580","rewardValue":1829,"decal":"6000","sapType":"BASE","rewardType":"NEW_PRICE","threshold":1,"limit":0,"multiProducts":false,"cardDependencyFlag":false,"bestPromotion":true,"comparativePrice":{"pricePerUnit":1829,"unitQuantity":1,"unitQuantityUom":"kg","measureDescription":"1kg"}}],"categoryTrees":[{"level0":"Meat, Poultry & Seafood","level1":"Seafood","level2":"Prawns"}],"cateredFlag":false,"algoliaAnalytics":{"searchQueryID":"6fc4acb5adf4a8f58a45dbcc1a236bec","searchPosition":358},"boughtBefore":false},{"productId":"5037477-EA-000","brand":"Kiddicare","name":"Lightly Scented Ultra Thick Baby Wipes","displayName":"72pk","availability":["IN_STORE","ONLINE"],"saleType":"UNITS","restrictedFlag":false,"liquorFlag":false,"tobaccoFlag":false,"originRegulated":false,"singlePrice":{"price":179,"comparativePrice":{"pricePerUnit":249,"unitQuantity":100,"unitQuantityUom":" ","measureDescription":"100"}},"categoryTrees":[{"level0":"Baby & Toddler","level1":"Baby Wipes","level2":"Fragranced Wipes"},{"level0":"Baby & Toddler","level1":"Baby Wipes","level2":"Water Based Wipes"}],"cateredFlag":false,"algoliaAnalytics":{"searchQueryID":"6fc4acb5adf4a8f58a45dbcc1a236bec","searchPosition":359},"boughtBefore":false},{"productId":"5002384-EA-000","brand":"Nestle","name":"Pixie Caramel Chocolate Bar","displayName":"50g","availability":["IN_STORE","ONLINE"],"saleType":"UNITS","restrictedFlag":false,"liquorFlag":false,"tobaccoFlag":false,"originRegulated":false,"singlePrice":{"price":219,"comparativePrice":{"pricePerUnit":438,"unitQuantity":100,"unitQuantityUom":"g","measureDescription":"100g"}},"facets":[{"itemCode":"00020014","itemDescription":"Vegetarian"}],"categoryTrees":[{"level0":"Snacks, Treats & Easy Meals","level1":"Chocolate, Sweets & Chewing Gum","level2":"Single Chocolate Bars & Sweets"},{"level0":"Pantry","level1":"Chocolate, Sweets & Chewing Gum","level2":"Single Chocolate Bars & Sweets"}],"cateredFlag":false,"algoliaAnalytics":{"searchQueryID":"6fc4acb5adf4a8f58a45dbcc1a236bec","searchPosition":360},"boughtBefore":false},{"productId":"5084510-EA-000","brand":"Pams","name":"Streaky Bacon","displayName":"1kg","availability":["IN_STORE","ONLINE"],"saleType":"UNITS","restrictedFlag":false,"liquorFlag":false,"tobaccoFlag":false,"originRegulated":true,"originStatement":"Made in New Zealand; Belgium; Denmark; Finland; Germany; Poland; Spain; Made in New Zealand from pigs raised in one or more of the following countries: Belgium, Denmark, Finland, Germany, Poland, Spain","singlePrice":{"price":1799,"comparativePrice":{"pricePerUnit":1799,"unitQuantity":1,"unitQuantityUom":"kg","measureDescription":"1kg"}},"facets":[{"itemCode":"00020012","itemDescription":"Non-GMO"},{"itemCode":"00020007","itemDescription":"Dairy Free"}],"categoryTrees":[{"level0":"Fridge, Deli & Eggs","level1":"Deli Meats & Smoked Fish","level2":"Bacon"},{"level0":"Meat, Poultry & Seafood","level1":"Deli Meats","level2":"Bacon"}],"cateredFlag":false,"algoliaAnalytics":{"searchQueryID":"6fc4acb5adf4a8f58a45dbcc1a236bec","searchPosition":361},"boughtBefore":false},{"productId":"5022804-EA-000","brand":"Da Vinci's","name":"Meat Lovers Pizza","displayName":"380g","availability":["IN_STORE","ONLINE"],"saleType":"UNITS","restrictedFlag":false,"liquorFlag":false,"tobaccoFlag":false,"originRegulated":false,"singlePrice":{"price":300,"promoId":"130006061","comparativePrice":{"pricePerUnit":79,"unitQuantity":100,"unitQuantityUom":"g","measureDescription":"100g"}},"promotions":[{"promoId":"130006061","rewardValue":300,"decal":"6000","sapType":"BASE","rewardType":"NEW_PRICE","threshold":1,"limit":0,"multiProducts":false,"cardDependencyFlag":false,"bestPromotion":true,"comparativePrice":{"pricePerUnit":79,"unitQuantity":100,"unitQuantityUom":"g","measureDescription":"100g"}}],"categoryTrees":[{"level0":"Fridge, Deli & Eggs","level1":"Chilled Pasta, Pizza & Garlic Bread","level2":"Chilled Pizza & Bases"},{"level0":"Snacks, Treats & Easy Meals","level1":"Easy Meals & Meal Kits","level2":"Pizza"}],"cateredFlag":false,"algoliaAnalytics":{"searchQueryID":"6fc4acb5adf4a8f58a45dbcc1a236bec","searchPosition":362},"boughtBefore":false},{"productId":"5010765-EA-000","brand":"Fantastic","name":"Original Rice Crackers","displayName":"100g","availability":["IN_STORE","ONLINE"],"saleType":"UNITS","restrictedFlag":false,"liquorFlag":false,"tobaccoFlag":false,"originRegulated":false,"singlePrice":{"price":199,"comparativePrice":{"pricePerUnit":199,"unitQuantity":100,"unitQuantityUom":"g","measureDescription":"100g"}},"categoryTrees":[{"level0":"Pantry","level1":"Biscuits & Crackers","level2":"Rice Crackers"}],"cateredFlag":false,"algoliaAnalytics":{"searchQueryID":"6fc4acb5adf4a8f58a45dbcc1a236bec","searchPosition":363},"boughtBefore":false},{"productId":"5003754-EA-000","brand":"Pams","name":"High Grade Flour","displayName":"1.5kg","availability":["IN_STORE","ONLINE"],"saleType":"UNITS","restrictedFlag":false,"liquorFlag":false,"tobaccoFlag":false,"originRegulated":false,"singlePrice":{"price":249,"comparativePrice":{"pricePerUnit":17,"unitQuantity":100,"unitQuantityUom":"g","measureDescription":"100g"}},"facets":[{"itemCode":"00020012","itemDescription":"Non-GMO"},{"itemCode":"00020002","itemDescription":"Halal"}],"categoryTrees":[{"level0":"Pantry","level1":"Baking Supplies & Sugar","level2":"Flour"},{"level0":"Featured","level1":"Pams","level2":"Baking Supplies & Sugar"}],"cateredFlag":false,"algoliaAnalytics":{"searchQueryID":"6fc4acb5adf4a8f58a45dbcc1a236bec","searchPosition":364},"boughtBefore":false},{"productId":"5037036-EA-000","brand":"Anchor","name":"Uno Squeezie Smooth Peach Mango Yoghurt","displayName":"100g","availability":["IN_STORE","ONLINE"],"saleType":"UNITS","restrictedFlag":false,"liquorFlag":false,"tobaccoFlag":false,"originRegulated":false,"singlePrice":{"price":229,"comparativePrice":{"pricePerUnit":229,"unitQuantity":100,"unitQuantityUom":"g","measureDescription":"100g"}},"facets":[{"itemCode":"00020009","itemDescription":"Low Fat"},{"itemCode":"00020012","itemDescription":"Non-GMO"}],"categoryTrees":[{"level0":"Fridge, Deli & Eggs","level1":"Yoghurt","level2":"Yoghurt Multi Packs & Single Serve"},{"level0":"Snacks, Treats & Easy Meals","level1":"Lunchbox Snacks","level2":"Yoghurt Pouches & Single Serve"},{"level0":"Featured","level1":"Back to School","level2":"Lunchbox Snacks","webContent":{"badgeSmallUrl":"","badgeMediumUrl":"","badgeLargeUrl":"","title":"","subTitle":"","campaignUrl":""},"appContent":{"badgeSmallUrl":"","badgeMediumUrl":"","badgeLargeUrl":"","title":"","subTitle":"","campaignUrl":""}}],"cateredFlag":false,"algoliaAnalytics":{"searchQueryID":"6fc4acb5adf4a8f58a45dbcc1a236bec","searchPosition":365},"boughtBefore":false},{"productId":"5009340-EA-000","brand":"Pams","name":"Red Kidney Beans In Brine","displayName":"410g","availability":["IN_STORE","ONLINE"],"saleType":"UNITS","restrictedFlag":false,"liquorFlag":false,"tobaccoFlag":false,"originRegulated":false,"singlePrice":{"price":89,"comparativePrice":{"pricePerUnit":217,"unitQuantity":1,"unitQuantityUom":"kg","measureDescription":"1kg"}},"facets":[{"itemCode":"00020007","itemDescription":"Dairy Free"},{"itemCode":"00020011","itemDescription":"Low Sugar"},{"itemCode":"00020012","itemDescription":"Non-GMO"}],"categoryTrees":[{"level0":"Pantry","level1":"Canned Foods & Packets","level2":"Chickpeas, Lentils & Beans"},{"level0":"Featured","level1":"Pams","level2":"Canned & Prepared Foods"}],"cateredFlag":false,"algoliaAnalytics":{"searchQueryID":"6fc4acb5adf4a8f58a45dbcc1a236bec","searchPosition":366},"boughtBefore":false},{"productId":"5018365-EA-000","brand":"Mexicano","name":"Cheese Corn Chips","displayName":"300g","availability":["IN_STORE","ONLINE"],"saleType":"UNITS","restrictedFlag":false,"liquorFlag":false,"tobaccoFlag":false,"originRegulated":false,"singlePrice":{"price":399,"comparativePrice":{"pricePerUnit":133,"unitQuantity":100,"unitQuantityUom":"g","measureDescription":"100g"}},"facets":[{"itemCode":"00020012","itemDescription":"Non-GMO"},{"itemCode":"00020004","itemDescription":"Gluten Free"}],"categoryTrees":[{"level0":"Snacks, Treats & Easy Meals","level1":"Chips, Nuts & Snacks","level2":"Corn Chips & Salsa"},{"level0":"Pantry","level1":"Chips, Nuts & Snacks","level2":"Corn Chips & Salsa"}],"cateredFlag":false,"algoliaAnalytics":{"searchQueryID":"6fc4acb5adf4a8f58a45dbcc1a236bec","searchPosition":367},"boughtBefore":false},{"productId":"5005481-EA-000","brand":"Pams","name":"Edam Flavoured Processed Cheese Slices","displayName":"250g","availability":["IN_STORE","ONLINE"],"saleType":"UNITS","restrictedFlag":false,"liquorFlag":false,"tobaccoFlag":false,"originRegulated":false,"singlePrice":{"price":349,"comparativePrice":{"pricePerUnit":140,"unitQuantity":100,"unitQuantityUom":"g","measureDescription":"100g"}},"facets":[{"itemCode":"00020012","itemDescription":"Non-GMO"}],"categoryTrees":[{"level0":"Fridge, Deli & Eggs","level1":"Cheese","level2":"Sliced Cheese"},{"level0":"Featured","level1":"Pams","level2":"Cheese"},{"level0":"Featured","level1":"Back to School","level2":"Back to School Lunches","webContent":{"badgeSmallUrl":"","badgeMediumUrl":"","badgeLargeUrl":"","title":"","subTitle":"","campaignUrl":""},"appContent":{"badgeSmallUrl":"","badgeMediumUrl":"","badgeLargeUrl":"","title":"","subTitle":"","campaignUrl":""}}],"cateredFlag":false,"algoliaAnalytics":{"searchQueryID":"6fc4acb5adf4a8f58a45dbcc1a236bec","searchPosition":368},"boughtBefore":false},{"productId":"5122400-EA-000","name":"Plain Round Rolls","displayName":"12pk","availability":["IN_STORE","ONLINE"],"saleType":"UNITS","restrictedFlag":false,"liquorFlag":false,"tobaccoFlag":false,"originRegulated":false,"singlePrice":{"price":429,"comparativePrice":{"pricePerUnit":36,"unitQuantity":1,"unitQuantityUom":"ea","measureDescription":"ea"}},"categoryTrees":[{"level0":"Bakery","level1":"In-Store Bakery","level2":"Fresh Bread Rolls & Buns"}],"cateredFlag":false,"algoliaAnalytics":{"searchQueryID":"6fc4acb5adf4a8f58a45dbcc1a236bec","searchPosition":369},"boughtBefore":false},{"productId":"5012993-EA-000","brand":"Ingham's","name":"Tempura Chicken Nuggets","displayName":"1kg","availability":["IN_STORE","ONLINE"],"saleType":"UNITS","restrictedFlag":false,"liquorFlag":false,"tobaccoFlag":false,"originRegulated":false,"singlePrice":{"price":949,"promoId":"129966026","comparativePrice":{"pricePerUnit":949,"unitQuantity":1,"unitQuantityUom":"kg","measureDescription":"1kg"}},"promotions":[{"promoId":"129966026","rewardValue":949,"decal":"6000","sapType":"BASE","rewardType":"NEW_PRICE","threshold":1,"limit":0,"multiProducts":false,"cardDependencyFlag":false,"bestPromotion":true,"comparativePrice":{"pricePerUnit":949,"unitQuantity":1,"unitQuantityUom":"kg","measureDescription":"1kg"}}],"categoryTrees":[{"level0":"Frozen","level1":"Frozen Chicken & Meat","level2":"Frozen Coated Chicken & Nuggets"}],"cateredFlag":false,"algoliaAnalytics":{"searchQueryID":"6fc4acb5adf4a8f58a45dbcc1a236bec","searchPosition":370},"boughtBefore":false},{"productId":"5040468-EA-000","brand":"Pams","name":"Mesclun Salad","displayName":"120g","availability":["IN_STORE","ONLINE"],"saleType":"UNITS","restrictedFlag":false,"liquorFlag":false,"tobaccoFlag":false,"originRegulated":true,"originStatement":"Product of New Zealand","singlePrice":{"price":379,"comparativePrice":{"pricePerUnit":3158,"unitQuantity":1,"unitQuantityUom":"kg","measureDescription":"1kg"}},"facets":[{"itemCode":"00020012","itemDescription":"Non-GMO"},{"itemCode":"00020007","itemDescription":"Dairy Free"}],"categoryTrees":[{"level0":"Fruit & Vegetables","level1":"Vegetables","level2":"Lettuce, Spinach & Salad Greens"},{"level0":"Fruit & Vegetables","level1":"Fresh Salad & Herbs","level2":"Lettuce, Spinach & Salad Greens"}],"cateredFlag":false,"algoliaAnalytics":{"searchQueryID":"6fc4acb5adf4a8f58a45dbcc1a236bec","searchPosition":371},"boughtBefore":false},{"productId":"5003276-EA-000","brand":"Philadelphia","name":"Original Cream Cheese","displayName":"250g","availability":["IN_STORE","ONLINE"],"saleType":"UNITS","restrictedFlag":false,"liquorFlag":false,"tobaccoFlag":false,"originRegulated":false,"singlePrice":{"price":547,"comparativePrice":{"pricePerUnit":219,"unitQuantity":100,"unitQuantityUom":"g","measureDescription":"100g"}},"facets":[{"itemCode":"00020004","itemDescription":"Gluten Free"},{"itemCode":"00020012","itemDescription":"Non-GMO"}],"categoryTrees":[{"level0":"Fridge, Deli & Eggs","level1":"Cheese","level2":"Cream Cheese & Cottage Cheese"}],"cateredFlag":false,"algoliaAnalytics":{"searchQueryID":"6fc4acb5adf4a8f58a45dbcc1a236bec","searchPosition":372},"boughtBefore":false},{"productId":"5024629-EA-000","brand":"Tip Top","name":"Oatilicious Super Thick Toast Bread","displayName":"700g","availability":["IN_STORE","ONLINE"],"saleType":"UNITS","restrictedFlag":false,"liquorFlag":false,"tobaccoFlag":false,"originRegulated":false,"singlePrice":{"price":399,"comparativePrice":{"pricePerUnit":57,"unitQuantity":100,"unitQuantityUom":"g","measureDescription":"100g"}},"categoryTrees":[{"level0":"Bakery","level1":"Sliced & Packaged Bread","level2":"Wholemeal, Grain & Seeded Bread"}],"cateredFlag":false,"algoliaAnalytics":{"searchQueryID":"6fc4acb5adf4a8f58a45dbcc1a236bec","searchPosition":373},"boughtBefore":false},{"productId":"5031807-EA-000","brand":"Molenberg","name":"Super Thick Toast Bread","displayName":"700g","availability":["IN_STORE","ONLINE"],"saleType":"UNITS","restrictedFlag":false,"liquorFlag":false,"tobaccoFlag":false,"originRegulated":false,"singlePrice":{"price":379,"comparativePrice":{"pricePerUnit":54,"unitQuantity":100,"unitQuantityUom":"g","measureDescription":"100g"}},"facets":[{"itemCode":"00020012","itemDescription":"Non-GMO"}],"categoryTrees":[{"level0":"Bakery","level1":"Sliced & Packaged Bread","level2":"Wholemeal, Grain & Seeded Bread"}],"cateredFlag":false,"algoliaAnalytics":{"searchQueryID":"6fc4acb5adf4a8f58a45dbcc1a236bec","searchPosition":374},"boughtBefore":false},{"productId":"5258982-EA-000","brand":"Sorbent","name":"Hypo-Allergenic 3 Ply Long Toilet Rolls","displayName":"8 x 270 sheets","availability":["IN_STORE","ONLINE"],"saleType":"UNITS","restrictedFlag":false,"liquorFlag":false,"tobaccoFlag":false,"originRegulated":false,"singlePrice":{"price":829,"comparativePrice":{"pricePerUnit":38,"unitQuantity":100,"unitQuantityUom":"sheets","measureDescription":"100 sheets"}},"categoryTrees":[{"level0":"Household & Cleaning","level1":"Toilet Paper, Tissues & Paper Towels","level2":"Toilet Paper"}],"cateredFlag":false,"algoliaAnalytics":{"searchQueryID":"6fc4acb5adf4a8f58a45dbcc1a236bec","searchPosition":375},"boughtBefore":false},{"productId":"5005953-EA-000","brand":"Pams","name":"Diced Tomatoes In Juice With Garlic And Oregano","displayName":"400g","availability":["IN_STORE","ONLINE"],"saleType":"UNITS","restrictedFlag":false,"liquorFlag":false,"tobaccoFlag":false,"originRegulated":false,"singlePrice":{"price":89,"comparativePrice":{"pricePerUnit":223,"unitQuantity":1,"unitQuantityUom":"kg","measureDescription":"1kg"}},"facets":[{"itemCode":"00020012","itemDescription":"Non-GMO"},{"itemCode":"00020007","itemDescription":"Dairy Free"},{"itemCode":"00020009","itemDescription":"Low Fat"},{"itemCode":"00020011","itemDescription":"Low Sugar"}],"categoryTrees":[{"level0":"Pantry","level1":"Canned Foods & Packets","level2":"Canned Tomatoes"},{"level0":"Featured","level1":"Pams","level2":"Canned & Prepared Foods"}],"cateredFlag":false,"algoliaAnalytics":{"searchQueryID":"6fc4acb5adf4a8f58a45dbcc1a236bec","searchPosition":376},"boughtBefore":false},{"productId":"5278901-EA-000","brand":"Mr Chips","name":"Agria Crinkle Fries","displayName":"900g","availability":["IN_STORE","ONLINE"],"saleType":"UNITS","restrictedFlag":false,"liquorFlag":false,"tobaccoFlag":false,"originRegulated":false,"singlePrice":{"price":409,"comparativePrice":{"pricePerUnit":454,"unitQuantity":1,"unitQuantityUom":"kg","measureDescription":"1kg"}},"facets":[{"itemCode":"00020004","itemDescription":"Gluten Free"},{"itemCode":"00020012","itemDescription":"Non-GMO"}],"categoryTrees":[{"level0":"Frozen","level1":"Frozen Chips & Hash Browns","level2":"Frozen Chips & Wedges"}],"cateredFlag":false,"algoliaAnalytics":{"searchQueryID":"6fc4acb5adf4a8f58a45dbcc1a236bec","searchPosition":377},"boughtBefore":false},{"productId":"5008023-EA-000","brand":"Top Hat","name":"Tempura Battered Chicken Nuggets","displayName":"1kg","availability":["IN_STORE","ONLINE"],"saleType":"UNITS","restrictedFlag":false,"liquorFlag":false,"tobaccoFlag":false,"originRegulated":false,"singlePrice":{"price":999,"comparativePrice":{"pricePerUnit":999,"unitQuantity":1,"unitQuantityUom":"kg","measureDescription":"1kg"}},"facets":[{"itemCode":"00020002","itemDescription":"Halal"}],"categoryTrees":[{"level0":"Frozen","level1":"Frozen Chicken & Meat","level2":"Frozen Coated Chicken & Nuggets"}],"cateredFlag":false,"algoliaAnalytics":{"searchQueryID":"6fc4acb5adf4a8f58a45dbcc1a236bec","searchPosition":378},"boughtBefore":false},{"productId":"5005219-EA-000","brand":"De Winkel","name":"All Natural Plain Unsweetened Yoghurt","displayName":"1kg","availability":["IN_STORE","ONLINE"],"saleType":"UNITS","restrictedFlag":false,"liquorFlag":false,"tobaccoFlag":false,"originRegulated":false,"marketingInitiatives":[{"initiativeCode":"AOV"}],"singlePrice":{"price":500,"promoId":"129980364","comparativePrice":{"pricePerUnit":50,"unitQuantity":100,"unitQuantityUom":"g","measureDescription":"100g"}},"promotions":[{"promoId":"129980364","rewardValue":500,"decal":"6000","sapType":"BASE","rewardType":"NEW_PRICE","threshold":1,"limit":0,"multiProducts":false,"cardDependencyFlag":false,"bestPromotion":true,"comparativePrice":{"pricePerUnit":50,"unitQuantity":100,"unitQuantityUom":"g","measureDescription":"100g"}}],"facets":[{"itemCode":"00020004","itemDescription":"Gluten Free"},{"itemCode":"00020012","itemDescription":"Non-GMO"},{"itemCode":"00020009","itemDescription":"Low Fat"}],"categoryTrees":[{"level0":"Fridge, Deli & Eggs","level1":"Yoghurt","level2":"Greek & Natural Yoghurt"},{"level0":"$5 Week 1","level1":"$5 Week 1","level2":"Deals","webContent":{"badgeSmallUrl":"","badgeMediumUrl":"","badgeLargeUrl":"","title":"","subTitle":"","campaignUrl":""},"appContent":{"badgeSmallUrl":"","badgeMediumUrl":"","badgeLargeUrl":"","title":"","subTitle":"","campaignUrl":""}}],"cateredFlag":false,"algoliaAnalytics":{"searchQueryID":"6fc4acb5adf4a8f58a45dbcc1a236bec","searchPosition":379},"boughtBefore":false},{"productId":"5002185-EA-000","brand":"Sprite","name":"Zero Sugar Natural Flavour Soft Drink","displayName":"1.5l","availability":["IN_STORE","ONLINE"],"saleType":"UNITS","restrictedFlag":false,"liquorFlag":false,"tobaccoFlag":false,"originRegulated":false,"singlePrice":{"price":299,"comparativePrice":{"pricePerUnit":199,"unitQuantity":1,"unitQuantityUom":"L","measureDescription":"1L"}},"facets":[{"itemCode":"00020011","itemDescription":"Low Sugar"},{"itemCode":"00020012","itemDescription":"Non-GMO"}],"categoryTrees":[{"level0":"Hot & Cold Drinks","level1":"Soft Drinks & Mixers","level2":"Lemonade"},{"level0":"Hot & Cold Drinks","level1":"Soft Drinks & Mixers","level2":"Diet & Zero Sugar Soft Drinks"}],"cateredFlag":false,"algoliaAnalytics":{"searchQueryID":"6fc4acb5adf4a8f58a45dbcc1a236bec","searchPosition":380},"boughtBefore":false},{"productId":"5217266-EA-000","brand":"Just Juice","name":"Orange & Mango Fruit Juice","displayName":"1l","availability":["IN_STORE","ONLINE"],"saleType":"UNITS","restrictedFlag":false,"liquorFlag":false,"tobaccoFlag":false,"originRegulated":false,"singlePrice":{"price":379,"comparativePrice":{"pricePerUnit":379,"unitQuantity":1,"unitQuantityUom":"L","measureDescription":"1L"}},"facets":[{"itemCode":"00020012","itemDescription":"Non-GMO"}],"categoryTrees":[{"level0":"Hot & Cold Drinks","level1":"Juice & Smoothies","level2":"Fruit Juice"}],"cateredFlag":false,"algoliaAnalytics":{"searchQueryID":"6fc4acb5adf4a8f58a45dbcc1a236bec","searchPosition":381},"boughtBefore":false},{"productId":"5007515-EA-000","brand":"Yoplait","name":"Natural Greek Style Yogurt","displayName":"1kg","availability":["IN_STORE","ONLINE"],"saleType":"UNITS","restrictedFlag":false,"liquorFlag":false,"tobaccoFlag":false,"originRegulated":false,"singlePrice":{"price":679,"comparativePrice":{"pricePerUnit":68,"unitQuantity":100,"unitQuantityUom":"g","measureDescription":"100g"}},"facets":[{"itemCode":"00020004","itemDescription":"Gluten Free"},{"itemCode":"00020012","itemDescription":"Non-GMO"}],"categoryTrees":[{"level0":"Fridge, Deli & Eggs","level1":"Yoghurt","level2":"Greek & Natural Yoghurt"},{"level0":"Fridge, Deli & Eggs","level1":"Yoghurt","level2":"Large Yoghurt Tubs"}],"cateredFlag":false,"algoliaAnalytics":{"searchQueryID":"6fc4acb5adf4a8f58a45dbcc1a236bec","searchPosition":382},"boughtBefore":false},{"productId":"5010538-EA-000","brand":"Whittaker's","name":"Peanut Slab Milk Chocolate Bar","displayName":"50g","availability":["IN_STORE","ONLINE"],"saleType":"UNITS","restrictedFlag":false,"liquorFlag":false,"tobaccoFlag":false,"originRegulated":false,"singlePrice":{"price":199,"comparativePrice":{"pricePerUnit":398,"unitQuantity":100,"unitQuantityUom":"g","measureDescription":"100g"}},"categoryTrees":[{"level0":"Snacks, Treats & Easy Meals","level1":"Chocolate, Sweets & Chewing Gum","level2":"Single Chocolate Bars & Sweets"},{"level0":"Pantry","level1":"Chocolate, Sweets & Chewing Gum","level2":"Single Chocolate Bars & Sweets"}],"cateredFlag":false,"algoliaAnalytics":{"searchQueryID":"6fc4acb5adf4a8f58a45dbcc1a236bec","searchPosition":383},"boughtBefore":false},{"productId":"5021067-EA-000","brand":"Hellers","name":"Ol' Smokey Streaky Bacon","displayName":"800g","availability":["IN_STORE","ONLINE"],"saleType":"UNITS","restrictedFlag":false,"liquorFlag":false,"tobaccoFlag":false,"originRegulated":true,"originStatement":"Made in New Zealand from imported and local ingredients.","singlePrice":{"price":1899,"comparativePrice":{"pricePerUnit":2374,"unitQuantity":1,"unitQuantityUom":"kg","measureDescription":"1kg"}},"facets":[{"itemCode":"00020012","itemDescription":"Non-GMO"},{"itemCode":"00020004","itemDescription":"Gluten Free"}],"categoryTrees":[{"level0":"Fridge, Deli & Eggs","level1":"Deli Meats & Smoked Fish","level2":"Bacon"},{"level0":"Meat, Poultry & Seafood","level1":"Deli Meats","level2":"Bacon"}],"cateredFlag":false,"algoliaAnalytics":{"searchQueryID":"6fc4acb5adf4a8f58a45dbcc1a236bec","searchPosition":384},"boughtBefore":false},{"productId":"5020922-EA-000","brand":"Pams","name":"Lasagne Toppa","displayName":"143g","availability":["IN_STORE","ONLINE"],"saleType":"UNITS","restrictedFlag":false,"liquorFlag":false,"tobaccoFlag":false,"originRegulated":false,"singlePrice":{"price":199,"comparativePrice":{"pricePerUnit":139,"unitQuantity":100,"unitQuantityUom":"g","measureDescription":"100g"}},"facets":[{"itemCode":"00020012","itemDescription":"Non-GMO"}],"categoryTrees":[{"level0":"Frozen","level1":"Frozen Dumplings, Pies & Snacks","level2":"Frozen Snacks & Sausage Rolls"},{"level0":"Snacks, Treats & Easy Meals","level1":"Easy Meals & Meal Kits","level2":"Heat & Eat Ready Meals"},{"level0":"Featured","level1":"Pams","level2":"Frozen Foods"}],"cateredFlag":false,"algoliaAnalytics":{"searchQueryID":"6fc4acb5adf4a8f58a45dbcc1a236bec","searchPosition":385},"boughtBefore":false},{"productId":"5005581-EA-000","brand":"Cadbury","name":"Perky Nana Chocolate Bar","displayName":"45g","availability":["IN_STORE","ONLINE"],"saleType":"UNITS","restrictedFlag":false,"liquorFlag":false,"tobaccoFlag":false,"originRegulated":false,"singlePrice":{"price":99,"promoId":"129993793","comparativePrice":{"pricePerUnit":220,"unitQuantity":100,"unitQuantityUom":"g","measureDescription":"100g"}},"promotions":[{"promoId":"129993793","rewardValue":99,"decal":"6000","sapType":"BASE","rewardType":"NEW_PRICE","threshold":1,"limit":0,"multiProducts":false,"cardDependencyFlag":false,"bestPromotion":true,"comparativePrice":{"pricePerUnit":220,"unitQuantity":100,"unitQuantityUom":"g","measureDescription":"100g"}}],"facets":[{"itemCode":"00020012","itemDescription":"Non-GMO"}],"categoryTrees":[{"level0":"Snacks, Treats & Easy Meals","level1":"Chocolate, Sweets & Chewing Gum","level2":"Single Chocolate Bars & Sweets"},{"level0":"Pantry","level1":"Chocolate, Sweets & Chewing Gum","level2":"Single Chocolate Bars & Sweets"}],"cateredFlag":false,"algoliaAnalytics":{"searchQueryID":"6fc4acb5adf4a8f58a45dbcc1a236bec","searchPosition":386},"boughtBefore":false},{"productId":"5247855-EA-000","brand":"Pascall","name":"Fruit Burst","displayName":"170g","availability":["IN_STORE","ONLINE"],"saleType":"UNITS","restrictedFlag":false,"liquorFlag":false,"tobaccoFlag":false,"originRegulated":false,"singlePrice":{"price":219,"comparativePrice":{"pricePerUnit":129,"unitQuantity":100,"unitQuantityUom":"g","measureDescription":"100g"}},"facets":[{"itemCode":"00020012","itemDescription":"Non-GMO"}],"categoryTrees":[{"level0":"Snacks, Treats & Easy Meals","level1":"Chocolate, Sweets & Chewing Gum","level2":"Lollies, Sweets & Licorice"},{"level0":"Pantry","level1":"Chocolate, Sweets & Chewing Gum","level2":"Lollies, Sweets & Licorice"}],"cateredFlag":false,"algoliaAnalytics":{"searchQueryID":"6fc4acb5adf4a8f58a45dbcc1a236bec","searchPosition":387},"boughtBefore":false},{"productId":"5005907-EA-000","brand":"Pams","name":"Triangle Frozen Hash Browns","displayName":"750g","availability":["IN_STORE","ONLINE"],"saleType":"UNITS","restrictedFlag":false,"liquorFlag":false,"tobaccoFlag":false,"originRegulated":false,"singlePrice":{"price":399,"comparativePrice":{"pricePerUnit":532,"unitQuantity":1,"unitQuantityUom":"kg","measureDescription":"1kg"}},"facets":[{"itemCode":"00020012","itemDescription":"Non-GMO"},{"itemCode":"00020011","itemDescription":"Low Sugar"}],"categoryTrees":[{"level0":"Frozen","level1":"Frozen Chips & Hash Browns","level2":"Hash Browns & Potatoes"},{"level0":"Featured","level1":"Pams","level2":"Frozen Foods"}],"cateredFlag":false,"algoliaAnalytics":{"searchQueryID":"6fc4acb5adf4a8f58a45dbcc1a236bec","searchPosition":388},"boughtBefore":false},{"productId":"5003808-EA-000","brand":"Pams","name":"Smooth Peanut Butter","displayName":"375g","availability":["IN_STORE","ONLINE"],"saleType":"UNITS","restrictedFlag":false,"liquorFlag":false,"tobaccoFlag":false,"originRegulated":false,"singlePrice":{"price":189,"comparativePrice":{"pricePerUnit":50,"unitQuantity":100,"unitQuantityUom":"g","measureDescription":"100g"}},"facets":[{"itemCode":"00020007","itemDescription":"Dairy Free"},{"itemCode":"00020012","itemDescription":"Non-GMO"},{"itemCode":"00020011","itemDescription":"Low Sugar"}],"categoryTrees":[{"level0":"Pantry","level1":"Jams, Honey & Spreads","level2":"Peanut & Nut Butter"},{"level0":"Featured","level1":"Pams","level2":"Jams, Honey & Spreads"}],"cateredFlag":false,"algoliaAnalytics":{"searchQueryID":"6fc4acb5adf4a8f58a45dbcc1a236bec","searchPosition":389},"boughtBefore":false},{"productId":"5002685-EA-000","brand":"Pump","name":"Still Water","displayName":"750ml","availability":["IN_STORE","ONLINE"],"saleType":"UNITS","restrictedFlag":false,"liquorFlag":false,"tobaccoFlag":false,"originRegulated":false,"singlePrice":{"price":219,"comparativePrice":{"pricePerUnit":292,"unitQuantity":1,"unitQuantityUom":"L","measureDescription":"1L"}},"facets":[{"itemCode":"00020012","itemDescription":"Non-GMO"}],"categoryTrees":[{"level0":"Hot & Cold Drinks","level1":"Water","level2":"Still Water"}],"cateredFlag":false,"algoliaAnalytics":{"searchQueryID":"6fc4acb5adf4a8f58a45dbcc1a236bec","searchPosition":390},"boughtBefore":false},{"productId":"5002843-EA-000","brand":"Mainland","name":"Unsalted Butter","displayName":"500g","availability":["IN_STORE","ONLINE"],"saleType":"UNITS","restrictedFlag":false,"liquorFlag":false,"tobaccoFlag":false,"originRegulated":false,"singlePrice":{"price":929,"comparativePrice":{"pricePerUnit":186,"unitQuantity":100,"unitQuantityUom":"g","measureDescription":"100g"}},"facets":[{"itemCode":"00020012","itemDescription":"Non-GMO"}],"categoryTrees":[{"level0":"Fridge, Deli & Eggs","level1":"Butter & Margarine","level2":"Butter"},{"level0":"Featured","level1":"Back to School","level2":"Back to School Lunches","webContent":{"badgeSmallUrl":"","badgeMediumUrl":"","badgeLargeUrl":"","title":"","subTitle":"","campaignUrl":""},"appContent":{"badgeSmallUrl":"","badgeMediumUrl":"","badgeLargeUrl":"","title":"","subTitle":"","campaignUrl":""}}],"cateredFlag":false,"algoliaAnalytics":{"searchQueryID":"6fc4acb5adf4a8f58a45dbcc1a236bec","searchPosition":391},"boughtBefore":false},{"productId":"5009562-EA-000","brand":"Colgate","name":"Cavity Protection Great Regular Flavour Toothpaste","displayName":"175g","availability":["IN_STORE","ONLINE"],"saleType":"UNITS","restrictedFlag":false,"liquorFlag":false,"tobaccoFlag":false,"originRegulated":false,"singlePrice":{"price":299,"comparativePrice":{"pricePerUnit":171,"unitQuantity":100,"unitQuantityUom":"g","measureDescription":"100g"}},"facets":[{"itemCode":"00020004","itemDescription":"Gluten Free"},{"itemCode":"00020011","itemDescription":"Low Sugar"},{"itemCode":"00020013","itemDescription":"Vegan"}],"categoryTrees":[{"level0":"Health & Body","level1":"Dental & Oral Care","level2":"Toothpaste"}],"cateredFlag":false,"algoliaAnalytics":{"searchQueryID":"6fc4acb5adf4a8f58a45dbcc1a236bec","searchPosition":392},"boughtBefore":false},{"productId":"5006357-EA-000","brand":"New Day","name":"Free Range Mixed Grade Eggs","displayName":"12pk","availability":["IN_STORE","ONLINE"],"saleType":"UNITS","restrictedFlag":false,"liquorFlag":false,"tobaccoFlag":false,"originRegulated":false,"singlePrice":{"price":899,"promoId":"130010358","comparativePrice":{"pricePerUnit":75,"unitQuantity":1,"unitQuantityUom":"ea","measureDescription":"ea"}},"promotions":[{"promoId":"130010358","rewardValue":899,"decal":"6000","sapType":"BASE","rewardType":"NEW_PRICE","threshold":1,"limit":0,"multiProducts":false,"cardDependencyFlag":false,"bestPromotion":true,"comparativePrice":{"pricePerUnit":75,"unitQuantity":1,"unitQuantityUom":"ea","measureDescription":"ea"}}],"facets":[{"itemCode":"00020003","itemDescription":"Free Range"}],"categoryTrees":[{"level0":"Fridge, Deli & Eggs","level1":"Eggs","level2":"Free Range Eggs"}],"cateredFlag":false,"algoliaAnalytics":{"searchQueryID":"6fc4acb5adf4a8f58a45dbcc1a236bec","searchPosition":393},"boughtBefore":false},{"productId":"5281734-EA-000","brand":"Pams","name":"Strawberry Tomatoes","displayName":"250g","availability":["IN_STORE","ONLINE"],"saleType":"UNITS","restrictedFlag":false,"liquorFlag":false,"tobaccoFlag":false,"originRegulated":true,"originStatement":"Product of New Zealand","singlePrice":{"price":449,"comparativePrice":{"pricePerUnit":1796,"unitQuantity":1,"unitQuantityUom":"kg","measureDescription":"1kg"}},"facets":[{"itemCode":"00020007","itemDescription":"Dairy Free"},{"itemCode":"00020012","itemDescription":"Non-GMO"}],"categoryTrees":[{"level0":"Fruit & Vegetables","level1":"Vegetables","level2":"Tomatoes, Cucumber & Capsicum"}],"cateredFlag":false,"algoliaAnalytics":{"searchQueryID":"6fc4acb5adf4a8f58a45dbcc1a236bec","searchPosition":394},"boughtBefore":false},{"productId":"5025560-EA-000","brand":"Whittaker's","name":"Hazelnut Block 33% Cocoa Milk Chocolate Block","displayName":"250g","availability":["IN_STORE","ONLINE"],"saleType":"UNITS","restrictedFlag":false,"liquorFlag":false,"tobaccoFlag":false,"originRegulated":false,"singlePrice":{"price":659,"promoId":"130003244","comparativePrice":{"pricePerUnit":264,"unitQuantity":100,"unitQuantityUom":"g","measureDescription":"100g"}},"promotions":[{"promoId":"130003244","rewardValue":659,"decal":"6000","sapType":"BASE","rewardType":"NEW_PRICE","threshold":1,"limit":0,"multiProducts":false,"cardDependencyFlag":false,"bestPromotion":true,"comparativePrice":{"pricePerUnit":264,"unitQuantity":100,"unitQuantityUom":"g","measureDescription":"100g"}}],"facets":[{"itemCode":"00020012","itemDescription":"Non-GMO"}],"categoryTrees":[{"level0":"Snacks, Treats & Easy Meals","level1":"Chocolate, Sweets & Chewing Gum","level2":"Chocolate Blocks"},{"level0":"Pantry","level1":"Chocolate, Sweets & Chewing Gum","level2":"Chocolate Blocks"}],"cateredFlag":false,"algoliaAnalytics":{"searchQueryID":"6fc4acb5adf4a8f58a45dbcc1a236bec","searchPosition":395},"boughtBefore":false},{"productId":"5007441-EA-000","brand":"V","name":"Original Guarana Energy Drink","displayName":"500ml","availability":["IN_STORE","ONLINE"],"saleType":"UNITS","restrictedFlag":false,"liquorFlag":false,"tobaccoFlag":false,"originRegulated":false,"singlePrice":{"price":349,"comparativePrice":{"pricePerUnit":698,"unitQuantity":1,"unitQuantityUom":"L","measureDescription":"1L"}},"promotions":[{"promoId":"130053812","rewardValue":500,"decal":"6000","sapType":"LAYERED","rewardType":"NEW_PRICE","threshold":2,"multiProducts":true,"cardDependencyFlag":false,"bestPromotion":true,"comparativePrice":{"pricePerUnit":500,"unitQuantity":1,"unitQuantityUom":"L","measureDescription":"1L"}}],"facets":[{"itemCode":"00020012","itemDescription":"Non-GMO"}],"categoryTrees":[{"level0":"Hot & Cold Drinks","level1":"Sports & Energy Drinks","level2":"Energy Drinks"}],"cateredFlag":false,"algoliaAnalytics":{"searchQueryID":"6fc4acb5adf4a8f58a45dbcc1a236bec","searchPosition":396},"boughtBefore":false},{"productId":"5265750-EA-000","brand":"Ploughmans Bakery","name":"Sourdough Bread","displayName":"750g","availability":["IN_STORE","ONLINE"],"saleType":"UNITS","restrictedFlag":false,"liquorFlag":false,"tobaccoFlag":false,"originRegulated":false,"singlePrice":{"price":409,"comparativePrice":{"pricePerUnit":55,"unitQuantity":100,"unitQuantityUom":"g","measureDescription":"100g"}},"categoryTrees":[{"level0":"Bakery","level1":"Sliced & Packaged Bread","level2":"Wholemeal, Grain & Seeded Bread"}],"cateredFlag":false,"algoliaAnalytics":{"searchQueryID":"6fc4acb5adf4a8f58a45dbcc1a236bec","searchPosition":397},"boughtBefore":false},{"productId":"5010502-EA-000","brand":"Pascall","name":"Pink & White Marshmallows","displayName":"180g","availability":["IN_STORE","ONLINE"],"saleType":"UNITS","restrictedFlag":false,"liquorFlag":false,"tobaccoFlag":false,"originRegulated":false,"singlePrice":{"price":219,"comparativePrice":{"pricePerUnit":122,"unitQuantity":100,"unitQuantityUom":"g","measureDescription":"100g"}},"facets":[{"itemCode":"00020012","itemDescription":"Non-GMO"}],"categoryTrees":[{"level0":"Snacks, Treats & Easy Meals","level1":"Chocolate, Sweets & Chewing Gum","level2":"Lollies, Sweets & Licorice"},{"level0":"Pantry","level1":"Chocolate, Sweets & Chewing Gum","level2":"Lollies, Sweets & Licorice"}],"cateredFlag":false,"algoliaAnalytics":{"searchQueryID":"6fc4acb5adf4a8f58a45dbcc1a236bec","searchPosition":398},"boughtBefore":false},{"productId":"5036448-EA-000","brand":"Nescafe","name":"Original Instant Coffee","displayName":"180g","availability":["IN_STORE","ONLINE"],"saleType":"UNITS","restrictedFlag":false,"liquorFlag":false,"tobaccoFlag":false,"originRegulated":false,"singlePrice":{"price":1219,"comparativePrice":{"pricePerUnit":677,"unitQuantity":100,"unitQuantityUom":"g","measureDescription":"100g"}},"categoryTrees":[{"level0":"Hot & Cold Drinks","level1":"Coffee","level2":"Instant Coffee"}],"cateredFlag":false,"algoliaAnalytics":{"searchQueryID":"6fc4acb5adf4a8f58a45dbcc1a236bec","searchPosition":399},"boughtBefore":false},{"productId":"5002365-EA-000","brand":"Kiwi Blue","name":"Still Spring Water","displayName":"4pk","availability":["IN_STORE","ONLINE"],"saleType":"UNITS","restrictedFlag":false,"liquorFlag":false,"tobaccoFlag":false,"originRegulated":false,"singlePrice":{"price":449,"comparativePrice":{"pricePerUnit":75,"unitQuantity":1,"unitQuantityUom":"L","measureDescription":"1L"}},"facets":[{"itemCode":"00020012","itemDescription":"Non-GMO"}],"categoryTrees":[{"level0":"Hot & Cold Drinks","level1":"Water","level2":"Still Water"}],"cateredFlag":false,"algoliaAnalytics":{"searchQueryID":"6fc4acb5adf4a8f58a45dbcc1a236bec","searchPosition":400},"boughtBefore":false}],"algoliaSearchResult":{"facets":{"brand":{"Pams":809,"Wattie's":155,"Mrs Rogers":111,"Colgate":90,"Anchor":81,"Korbond":81,"Healtheries":80,"Tip Top":72,"Hellers":64,"VitaPet":63,"Gregg's":60,"Value":60,"Ceres Organics":56,"Continental":52,"Dettol":52,"Tasti":52,"Mainland":51,"Griffin's":50,"Maggi":50,"Pams Value":50,"Nivea":49,"Red Seal":49,"Dove":48,"Barker's":47,"Meadow Fresh":47,"Musashi":46,"Huggies":44,"Nestle":43,"Nescafe":41,"Palmolive":40,"McCain":39,"Bic":38,"Masterfoods":37,"Mother Earth":36,"Cadbury":35,"Delmaine":34,"Kellogg's":34,"Heinz":33,"Sealord":33,"Graze":31,"Lewis Road Creamery":31,"Sistema":31,"Whittaker's":31,"Chux":30,"Edmonds":30,"Jed's Coffee Co.":30,"The Collective":30,"Pams Finest":29,"Avalanche":28,"Bundaberg":28,"Energizer":28,"Whiskas":28,"Big Black Sacks":27,"Bluebird":27,"Glow Lab":27,"Kapiti":27,"Palmolive Naturals":27,"Arnott's":26,"Diamond":26,"Fresh To Go":26,"Hubbards":26,"Lindt":26,"Schweppes":26,"Farrah's":25,"Moccona":25,"Old El Paso":25,"Persil":25,"Philips":25,"Best":24,"Chef":24,"Fresh 'n Fruity":24,"Schick":24,"Tegel":24,"Eta":23,"Purina Fancy Feast":23,"Surv":23,"Dairyworks":22,"Dine":22,"Ecostore":22,"Harpic":22,"North Head":22,"San Remo":22,"Head & Shoulders":21,"John West":21,"Lee Kum Kee":21,"Rascals":21,"V":21,"Verkerks":21,"Chelsea":20,"Jacob's Creek":20,"Leggo's":20,"Only Organic":20,"Sanitarium Up & Go":20,"U By Kotex":20,"Campbell's":19,"Eveready":19,"Magnum":19,"Nivea Men":19,"Poise":19,"Schwarzkopf Extra Care":19},"tobacco":{"false":9994},"category1NI":{"Chips, Nuts & Snacks":445,"Canned Foods & Packets":347,"Pams":344,"Biscuits & Crackers":304,"Back to School":290,"Chocolate, Sweets & Chewing Gum":288,"Cooking Sauces, Stocks & Marinades":274,"Hair Care":265,"Stationery & Entertainment":257,"Cheese":238,"Lunchbox Snacks":235,"Spices, Seasoning & Coatings":234,"Baking Supplies & Sugar":231,"Coffee":226,"Table Sauces, Dressings & Condiments":225,"Pasta, Rice & Noodles":224,"Cat":213,"Ice Cream & Sorbet":204,"Yoghurt":202,"Cleaning & Accessories":199,"Easy Meals & Meal Kits":176,"Deli Meats & Smoked Fish":169,"Homewares":165,"Food Wrap, Storage & Bags":163,"Dental & Oral Care":159,"Bath, Shower & Soap":157,"Red Wine":156,"Dog":151,"Soft Drinks & Mixers":148,"Breakfast Cereals":146,"Skin Care & Sun Care":143,"Deli Meats":137,"Laundry":134,"White Wine":130,"Medical & First Aid":125,"$5 Week 1":117,"Juice & Smoothies":111,"Period & Continence Care":111,"World Foods":111,"Vegetables":107,"Dips, Hummus & Antipasti":103,"Vitamins & Supplements":101,"Milk":98,"Deodorant & Body Sprays":97,"Ready to Eat":95,"Batteries & Electrical":93,"Jams, Honey & Spreads":93,"Beer":92,"Tea":91,"Sports & Energy Drinks":90,"Bulk Foods":86,"Desserts":86,"Nappies & Changing":83,"Chilled Soups & Ready Meals":80,"Frozen Chicken & Meat":76,"Garage & Outdoor":76,"Baby & Toddler Food":74,"Sliced & Packaged Bread":72,"Kitchen Cleaners":71,"Cakes, Muffins & Desserts":67,"Hot Chocolate & Milk Drinks":67,"Shaving & Hair Removal":65,"Frozen Fish & Seafood":64,"Bathroom & Toilet Cleaners":61,"Fresh Salad & Herbs":61,"Sports Nutrition & Weight Management":60,"Frozen Vegetables":57,"In-Store Bakery":57,"Oil & Vinegar":56,"Frozen Dumplings, Pies & Snacks":53,"Dishwashing":52,"Frozen Pizza & Ready Meals":52,"Wraps, Pita & Flat Bread":50,"Butter & Margarine":48,"Frozen Fruit & Desserts":46,"Pest & Insect Control":46,"Syrups, Cordials & Powdered Drinks":46,"Long Life & Dairy Free Milk":45,"Chilled Pasta, Pizza & Garlic Bread":43,"Baby & Toddler Toiletries":41,"Toilet Paper, Tissues & Paper Towels":40,"Mince, Sausages & Meatballs":39,"Rose Wine":39,"Seafood":39,"Champagne & Sparkling Wine":38,"Baby Formula":37,"Frozen Chips & Hash Browns":36,"Fruit":36,"Bagels, Crumpets & Pancakes":35,"Cream, Custard & Desserts":34,"Craft Beer":31,"Water":31,"Chicken & Poultry":30,"Kombucha & Functional Drinks":29,"Clothing & Accessories":28,"Nursing & Feeding":28,"Alcohol Free Drinks":27,"Burger Buns, Rolls & Garlic Bread":26,"Cider":24,"Frozen Pastry & Bread":23},"onPromotion":{"61dd754e-8525-4b9e-9e08-173389eea8a8":2714,"c3f9e1a3-fc34-452d-af2e-95349e666ba4":2702,"715f0e22-95e0-45ce-af3a-07057209976e":2698,"4a279605-eaa8-470d-bcd4-0a9e3c9ab43b":2685,"5cf0392f-c187-4fc4-a463-eb269d2e8f45":2660,"90082979-fb9f-4305-9c72-83274fc438cc":2656,"b29a98bd-749c-489c-9eef-6aa38e66a29b":2631,"2ed73be8-936d-4f35-9398-75a707f40a7b":2560,"dbca5e00-f7f9-43ae-91de-031ad16f8a92":2548,"be4c4780-218e-425a-a90f-63e21773572b":2538,"8cd700ae-d96f-4761-bd7a-805d6b93536d":2460,"d8032da3-c1b9-456e-b626-41ce21f8c67b":2401,"3c5e3145-0767-4066-9349-6c0a1313acc5":2383,"bdc5ef4a-c6a7-4f8a-b8cb-28109e6d61c3":2266,"2a1b331a-fc4a-496a-b072-e97cc8f70cae":2066,"d6d39eea-889d-4e20-923c-55cab225cf7f":2060,"c2204dae-579e-4b6b-9d42-2e13ceaa6031":2057,"65defcf2-bc15-490e-a84f-1f13b769cd22":2047,"8f0d70be-5cb7-464b-99cb-8b0130671895":2024,"b92cc33f-b5a8-4b57-9b82-412946800020":1977,"3404c253-577f-45ca-b301-c98312e46efb":1965,"c0f80e87-16be-4488-9553-da437e8c6c2a":1954,"6e6809dd-01bc-45c9-aab1-f01ccd8338b0":1952,"3bfe040b-f0c9-45e0-949b-b9ad5a591d55":1940,"92086ded-a55d-4241-a364-7d7ea91531b4":1937,"48dd98cc-a757-4102-b15d-ea82b4b10571":1931,"49037947-e450-49bf-ba1f-a94551c79a72":1915,"21ecaaed-0749-4492-985e-4bb7ba43d59c":1903,"3bb30799-82ce-4648-8c02-5113228963ed":1895,"01a114de-149c-4f5f-80a1-90cc63f69c6e":1886,"c180a72d-5dbe-4403-b7c7-91655e505492":1877,"714431ab-6e39-4df6-ac77-cfc5c1e25bc8":1864,"e1925ea7-01bc-4358-ae7c-c6502da5ab12":1860,"64eab5b1-8d79-45f4-94f1-02b8cf8b6202":1857,"1c388d5e-29ac-4956-b476-cb3431353d2e":1852,"5f167936-79ae-4f6a-b9d2-74afe1bb096b":1845,"d1cd1fdd-8767-46a6-a8d3-c3e0632c2dc8":1845,"b2e98a14-c8ca-401e-99ed-edf74570c6f6":1838,"af385423-d0f1-41f0-9482-ffd10b745143":1829,"6cda96e1-7d29-44a6-956b-3fcfdecc8184":1820,"529d66cc-60e3-432e-b8d1-efc9f2ec4919":1815,"4fcc1c8e-cc5e-4675-ba25-5e56b579cf69":1800,"7d48a781-4f68-4c91-a908-8659e1b22f95":1773,"53989945-1a28-481d-a61c-d6f75f760ada":1767,"60561e46-ece7-43a7-b142-9b14812586e4":1765,"9cd8eb60-3222-4efc-bd7c-50e03e6a81a4":1761,"33d8d6fc-861a-45ff-9937-5ccdb55eaede":1756,"15e6f441-5c1c-4d25-b4ec-1adf918c49c7":1746,"98ec3885-ac93-4fcb-807b-59c9055c52c4":1730,"94ef1985-cab1-4b39-a2f3-230120f03c16":1727,"a7d09522-bee2-41e4-8fe0-0b82b7f342f5":1712,"6c73764e-b8e6-4e55-ad37-f6a9d207da1f":1700,"b83029b6-5dd5-449e-8056-26f3943a4e18":1699,"50b1216b-d066-4457-b88b-9bccf97bf6d3":1684,"3e82142c-78dc-46f3-82ec-28e65fcf84c9":1614,"b39562a4-2b72-43fe-b9ba-eda1d651ad0b":1577,"076e8177-943b-41fc-a885-ba3d28297acf":1534},"productFacets":{"Non-GMO":4194,"Gluten Free":1186,"Dairy Free":518,"Vegetarian":461,"Low Fat":431,"Vegan":397,"Low Sugar":355,"Organic":260,"Halal":229,"Free Range":100,"Cage Free":47,"Keto":27,"Low Salt":24,"Healthy Heart Tick":1}}},"algoliaFacetQueriesResults":[],"totalHits":1000,"page":7,"totalPages":20,"hitsPerPage":50},
{"tobaccoProducts":false,"products":[{"productId":"5033085-EA-000","brand":"Grandpa's Meat & Bacon Co.","name":"Manuka Smoked Streaky Bacon","displayName":"1kg","availability":["IN_STORE","ONLINE"],"saleType":"UNITS","restrictedFlag":false,"liquorFlag":false,"tobaccoFlag":false,"originRegulated":true,"originStatement":"Made in New Zealand with pork from throughout Europe, (Denmark, Finland, Poland, Spain, Germany), or New Zealand. Country of origin may vary depending on availability.","singlePrice":{"price":2499,"comparativePrice":{"pricePerUnit":2499,"unitQuantity":1,"unitQuantityUom":"kg","measureDescription":"1kg"}},"facets":[{"itemCode":"00020012","itemDescription":"Non-GMO"}],"categoryTrees":[{"level0":"Fridge, Deli & Eggs","level1":"Deli Meats & Smoked Fish","level2":"Bacon"},{"level0":"Meat, Poultry & Seafood","level1":"Deli Meats","level2":"Bacon"}],"cateredFlag":false,"algoliaAnalytics":{"searchQueryID":"b6bb4467b3c867dc0aef148265d34c07","searchPosition":301},"boughtBefore":false},{"productId":"5264170-EA-000","brand":"Pams","name":"Washed White Potatoes","displayName":"4kg","availability":["IN_STORE","ONLINE"],"saleType":"UNITS","restrictedFlag":false,"liquorFlag":false,"tobaccoFlag":false,"originRegulated":true,"originStatement":"Product of New Zealand","singlePrice":{"price":1299,"comparativePrice":{"pricePerUnit":325,"unitQuantity":1,"unitQuantityUom":"kg","measureDescription":"1kg"}},"facets":[{"itemCode":"00020012","itemDescription":"Non-GMO"},{"itemCode":"00020007","itemDescription":"Dairy Free"}],"categoryTrees":[{"level0":"Fruit & Vegetables","level1":"Vegetables","level2":"Potato & Kumara"}],"cateredFlag":false,"algoliaAnalytics":{"searchQueryID":"b6bb4467b3c867dc0aef148265d34c07","searchPosition":302},"boughtBefore":false},{"productId":"5010665-EA-000","brand":"Copper Kettle","name":"Wood Fired BBQ Potato Chips","displayName":"150g","availability":["IN_STORE","ONLINE"],"saleType":"UNITS","restrictedFlag":false,"liquorFlag":false,"tobaccoFlag":false,"originRegulated":false,"singlePrice":{"price":275,"promoId":"129967122","comparativePrice":{"pricePerUnit":183,"unitQuantity":100,"unitQuantityUom":"g","measureDescription":"100g"}},"promotions":[{"promoId":"129967122","rewardValue":275,"decal":"6000","sapType":"BASE","rewardType":"NEW_PRICE","threshold":1,"limit":0,"multiProducts":false,"cardDependencyFlag":false,"bestPromotion":true,"comparativePrice":{"pricePerUnit":183,"unitQuantity":100,"unitQuantityUom":"g","measureDescription":"100g"}}],"facets":[{"itemCode":"00020012","itemDescription":"Non-GMO"},{"itemCode":"00020004","itemDescription":"Gluten Free"}],"categoryTrees":[{"level0":"Snacks, Treats & Easy Meals","level1":"Chips, Nuts & Snacks","level2":"Chips"},{"level0":"Pantry","level1":"Chips, Nuts & Snacks","level2":"Chips"}],"cateredFlag":false,"algoliaAnalytics":{"searchQueryID":"b6bb4467b3c867dc0aef148265d34c07","searchPosition":303},"boughtBefore":false},{"productId":"5011076-EA-000","brand":"Ploughmans Bakery","name":"Harvest Rye Bread","displayName":"750g","availability":["IN_STORE","ONLINE"],"saleType":"UNITS","restrictedFlag":false,"liquorFlag":false,"tobaccoFlag":false,"originRegulated":false,"singlePrice":{"price":409,"comparativePrice":{"pricePerUnit":55,"unitQuantity":100,"unitQuantityUom":"g","measureDescription":"100g"}},"categoryTrees":[{"level0":"Bakery","level1":"Sliced & Packaged Bread","level2":"Wholemeal, Grain & Seeded Bread"}],"cateredFlag":false,"algoliaAnalytics":{"searchQueryID":"b6bb4467b3c867dc0aef148265d34c07","searchPosition":304},"boughtBefore":false},{"productId":"5000522-EA-000","brand":"Anchor","name":"Lite Milk","displayName":"1l","availability":["IN_STORE","ONLINE"],"saleType":"UNITS","restrictedFlag":false,"liquorFlag":false,"tobaccoFlag":false,"originRegulated":false,"singlePrice":{"price":331,"comparativePrice":{"pricePerUnit":331,"unitQuantity":1,"unitQuantityUom":"L","measureDescription":"1L"}},"facets":[{"itemCode":"00020009","itemDescription":"Low Fat"},{"itemCode":"00020012","itemDescription":"Non-GMO"}],"categoryTrees":[{"level0":"Fridge, Deli & Eggs","level1":"Milk","level2":"Fresh Milk"}],"cateredFlag":false,"algoliaAnalytics":{"searchQueryID":"b6bb4467b3c867dc0aef148265d34c07","searchPosition":305},"boughtBefore":false},{"productId":"5011818-EA-000","brand":"Raro","name":"Favourites Sweet Navel Orange Flavoured Beverage Mix","displayName":"3 x 80g","availability":["IN_STORE","ONLINE"],"saleType":"UNITS","restrictedFlag":false,"liquorFlag":false,"tobaccoFlag":false,"originRegulated":false,"singlePrice":{"price":179,"comparativePrice":{"pricePerUnit":75,"unitQuantity":100,"unitQuantityUom":"g","measureDescription":"100g"}},"facets":[{"itemCode":"00020012","itemDescription":"Non-GMO"}],"categoryTrees":[{"level0":"Hot & Cold Drinks","level1":"Syrups, Cordials & Powdered Drinks","level2":"Powdered Drinks"}],"cateredFlag":false,"algoliaAnalytics":{"searchQueryID":"b6bb4467b3c867dc0aef148265d34c07","searchPosition":306},"boughtBefore":false},{"productId":"5010413-EA-000","brand":"Chesdale","name":"Processed Smoked Cheese Slices","displayName":"250g","availability":["IN_STORE","ONLINE"],"saleType":"UNITS","restrictedFlag":false,"liquorFlag":false,"tobaccoFlag":false,"originRegulated":false,"singlePrice":{"price":299,"comparativePrice":{"pricePerUnit":120,"unitQuantity":100,"unitQuantityUom":"g","measureDescription":"100g"}},"categoryTrees":[{"level0":"Fridge, Deli & Eggs","level1":"Cheese","level2":"Sliced Cheese"}],"cateredFlag":false,"algoliaAnalytics":{"searchQueryID":"b6bb4467b3c867dc0aef148265d34c07","searchPosition":307},"boughtBefore":false},{"productId":"5003840-EA-000","brand":"Pams","name":"Rolled Oats","displayName":"750g","availability":["IN_STORE","ONLINE"],"saleType":"UNITS","restrictedFlag":false,"liquorFlag":false,"tobaccoFlag":false,"originRegulated":false,"singlePrice":{"price":229,"comparativePrice":{"pricePerUnit":31,"unitQuantity":100,"unitQuantityUom":"g","measureDescription":"100g"}},"facets":[{"itemCode":"00020011","itemDescription":"Low Sugar"},{"itemCode":"00020012","itemDescription":"Non-GMO"}],"categoryTrees":[{"level0":"Pantry","level1":"Breakfast Cereals","level2":"Oats & Porridge"},{"level0":"Featured","level1":"Pams","level2":"Breakfast Cereals"}],"cateredFlag":false,"algoliaAnalytics":{"searchQueryID":"b6bb4467b3c867dc0aef148265d34c07","searchPosition":308},"boughtBefore":false},{"productId":"5019549-EA-000","brand":"John West","name":"Chunk Style Tuna In Olive Oil Blend","displayName":"95g","availability":["IN_STORE","ONLINE"],"saleType":"UNITS","restrictedFlag":false,"liquorFlag":false,"tobaccoFlag":false,"originRegulated":false,"singlePrice":{"price":199,"promoId":"129993939","comparativePrice":{"pricePerUnit":2095,"unitQuantity":1,"unitQuantityUom":"kg","measureDescription":"1kg"}},"promotions":[{"promoId":"129993941","rewardValue":600,"decal":"6000","sapType":"LAYERED","rewardType":"NEW_PRICE","threshold":4,"multiProducts":true,"cardDependencyFlag":false,"bestPromotion":true,"comparativePrice":{"pricePerUnit":1579,"unitQuantity":1,"unitQuantityUom":"kg","measureDescription":"1kg"}}],"categoryTrees":[{"level0":"Pantry","level1":"Canned Foods & Packets","level2":"Canned Tuna"}],"cateredFlag":false,"algoliaAnalytics":{"searchQueryID":"b6bb4467b3c867dc0aef148265d34c07","searchPosition":309},"boughtBefore":false},{"productId":"5020920-EA-000","brand":"Pams","name":"Cordon Bleu Toppa","displayName":"133g","availability":["IN_STORE","ONLINE"],"saleType":"UNITS","restrictedFlag":false,"liquorFlag":false,"tobaccoFlag":false,"originRegulated":false,"singlePrice":{"price":199,"comparativePrice":{"pricePerUnit":150,"unitQuantity":100,"unitQuantityUom":"g","measureDescription":"100g"}},"facets":[{"itemCode":"00020012","itemDescription":"Non-GMO"}],"categoryTrees":[{"level0":"Frozen","level1":"Frozen Chicken & Meat","level2":"Frozen Coated Chicken & Nuggets"},{"level0":"Frozen","level1":"Frozen Pizza & Ready Meals","level2":"Frozen Ready Meals"},{"level0":"Featured","level1":"Pams","level2":"Frozen Foods"}],"cateredFlag":false,"algoliaAnalytics":{"searchQueryID":"b6bb4467b3c867dc0aef148265d34c07","searchPosition":310},"boughtBefore":false},{"productId":"5287095-EA-000","brand":"Big Ben","name":"Classic Steak & Cheese Pies","displayName":"6pk","availability":["IN_STORE","ONLINE"],"saleType":"UNITS","restrictedFlag":false,"liquorFlag":false,"tobaccoFlag":false,"originRegulated":false,"singlePrice":{"price":1339,"promoId":"129998519","comparativePrice":{"pricePerUnit":223,"unitQuantity":1,"unitQuantityUom":"ea","measureDescription":"ea"}},"promotions":[{"promoId":"129998519","rewardValue":1339,"decal":"6000","sapType":"BASE","rewardType":"NEW_PRICE","threshold":1,"limit":0,"multiProducts":false,"cardDependencyFlag":false,"bestPromotion":true,"comparativePrice":{"pricePerUnit":223,"unitQuantity":1,"unitQuantityUom":"ea","measureDescription":"ea"}}],"facets":[{"itemCode":"00020012","itemDescription":"Non-GMO"}],"categoryTrees":[{"level0":"Fridge, Deli & Eggs","level1":"Chilled Soups & Ready Meals","level2":"Pies, Sausage Rolls & Quiches"},{"level0":"Snacks, Treats & Easy Meals","level1":"Easy Meals & Meal Kits","level2":"Family Pies & Quiches"}],"cateredFlag":false,"algoliaAnalytics":{"searchQueryID":"b6bb4467b3c867dc0aef148265d34c07","searchPosition":311},"boughtBefore":false},{"productId":"5014563-EA-000","brand":"Ornelle","name":"Brie Cheese","displayName":"110g","availability":["IN_STORE","ONLINE"],"saleType":"UNITS","restrictedFlag":false,"liquorFlag":false,"tobaccoFlag":false,"originRegulated":false,"singlePrice":{"price":379,"comparativePrice":{"pricePerUnit":345,"unitQuantity":100,"unitQuantityUom":"g","measureDescription":"100g"}},"facets":[{"itemCode":"00020012","itemDescription":"Non-GMO"}],"categoryTrees":[{"level0":"Fridge, Deli & Eggs","level1":"Cheese","level2":"Brie & Camembert"}],"cateredFlag":false,"algoliaAnalytics":{"searchQueryID":"b6bb4467b3c867dc0aef148265d34c07","searchPosition":312},"boughtBefore":false},{"productId":"5205388-EA-000","brand":"Pams","name":"Olive Spread","displayName":"500g","availability":["IN_STORE","ONLINE"],"saleType":"UNITS","restrictedFlag":false,"liquorFlag":false,"tobaccoFlag":false,"originRegulated":false,"singlePrice":{"price":399,"comparativePrice":{"pricePerUnit":80,"unitQuantity":100,"unitQuantityUom":"g","measureDescription":"100g"}},"facets":[{"itemCode":"00020012","itemDescription":"Non-GMO"},{"itemCode":"00020007","itemDescription":"Dairy Free"}],"categoryTrees":[{"level0":"Fridge, Deli & Eggs","level1":"Butter & Margarine","level2":"Dairy Free Spreads"},{"level0":"Featured","level1":"Pams","level2":"Dairy & Eggs"}],"cateredFlag":false,"algoliaAnalytics":{"searchQueryID":"b6bb4467b3c867dc0aef148265d34c07","searchPosition":313},"boughtBefore":false},{"productId":"5242919-EA-000","brand":"OBAP","name":"Roasted Seasoned Korean Seaweed","displayName":"40g","availability":["IN_STORE","ONLINE"],"saleType":"UNITS","restrictedFlag":false,"liquorFlag":false,"tobaccoFlag":false,"originRegulated":false,"singlePrice":{"price":529,"promoId":"129965143","comparativePrice":{"pricePerUnit":1323,"unitQuantity":100,"unitQuantityUom":"g","measureDescription":"100g"}},"promotions":[{"promoId":"129965143","rewardValue":529,"decal":"6000","sapType":"BASE","rewardType":"NEW_PRICE","threshold":1,"limit":0,"multiProducts":false,"cardDependencyFlag":false,"bestPromotion":true,"comparativePrice":{"pricePerUnit":1323,"unitQuantity":100,"unitQuantityUom":"g","measureDescription":"100g"}}],"categoryTrees":[{"level0":"Pantry","level1":"World Foods","level2":"Korean"},{"level0":"Snacks, Treats & Easy Meals","level1":"Chips, Nuts & Snacks","level2":"Vege & Savoury Snacks"},{"level0":"Pantry","level1":"Chips, Nuts & Snacks","level2":"Vege & Savoury Snacks"}],"cateredFlag":false,"algoliaAnalytics":{"searchQueryID":"b6bb4467b3c867dc0aef148265d34c07","searchPosition":314},"boughtBefore":false},{"productId":"5012985-EA-000","brand":"Colgate","name":"Triple Action Original Mint Toothpaste","displayName":"160g","availability":["IN_STORE","ONLINE"],"saleType":"UNITS","restrictedFlag":false,"liquorFlag":false,"tobaccoFlag":false,"originRegulated":false,"singlePrice":{"price":299,"comparativePrice":{"pricePerUnit":187,"unitQuantity":100,"unitQuantityUom":"g","measureDescription":"100g"}},"facets":[{"itemCode":"00020004","itemDescription":"Gluten Free"},{"itemCode":"00020011","itemDescription":"Low Sugar"},{"itemCode":"00020013","itemDescription":"Vegan"}],"categoryTrees":[{"level0":"Health & Body","level1":"Dental & Oral Care","level2":"Toothpaste"}],"cateredFlag":false,"algoliaAnalytics":{"searchQueryID":"b6bb4467b3c867dc0aef148265d34c07","searchPosition":315},"boughtBefore":false},{"productId":"5029917-EA-000","brand":"Indomie","name":"Mi Goreng BBQ Chicken Instant Noodles","displayName":"5 x 85g","availability":["IN_STORE","ONLINE"],"saleType":"UNITS","restrictedFlag":false,"liquorFlag":false,"tobaccoFlag":false,"originRegulated":false,"singlePrice":{"price":429,"comparativePrice":{"pricePerUnit":101,"unitQuantity":100,"unitQuantityUom":"g","measureDescription":"100g"}},"categoryTrees":[{"level0":"Pantry","level1":"Pasta, Rice & Noodles","level2":"Instant Noodles"},{"level0":"Snacks, Treats & Easy Meals","level1":"Ready to Eat","level2":"Instant Rice & Noodle Meals"}],"cateredFlag":false,"algoliaAnalytics":{"searchQueryID":"b6bb4467b3c867dc0aef148265d34c07","searchPosition":316},"boughtBefore":false},{"productId":"5002448-EA-000","brand":"Arnott's","name":"Scotch Finger Biscuits","displayName":"250g","availability":["IN_STORE","ONLINE"],"saleType":"UNITS","restrictedFlag":false,"liquorFlag":false,"tobaccoFlag":false,"originRegulated":false,"marketingInitiatives":[{"initiativeCode":"AOV"}],"singlePrice":{"price":299,"promoId":"129989876","comparativePrice":{"pricePerUnit":120,"unitQuantity":100,"unitQuantityUom":"g","measureDescription":"100g"}},"promotions":[{"promoId":"129989012","rewardValue":500,"decal":"6000","sapType":"LAYERED","rewardType":"NEW_PRICE","threshold":2,"multiProducts":true,"cardDependencyFlag":false,"bestPromotion":true,"comparativePrice":{"pricePerUnit":100,"unitQuantity":100,"unitQuantityUom":"g","measureDescription":"100g"}}],"facets":[{"itemCode":"00020012","itemDescription":"Non-GMO"}],"categoryTrees":[{"level0":"Pantry","level1":"Biscuits & Crackers","level2":"Plain Biscuits"},{"level0":"$5 Week 1","level1":"$5 Week 1","level2":"Deals","webContent":{"badgeSmallUrl":"","badgeMediumUrl":"","badgeLargeUrl":"","title":"","subTitle":"","campaignUrl":""},"appContent":{"badgeSmallUrl":"","badgeMediumUrl":"","badgeLargeUrl":"","title":"","subTitle":"","campaignUrl":""}}],"cateredFlag":false,"algoliaAnalytics":{"searchQueryID":"b6bb4467b3c867dc0aef148265d34c07","searchPosition":317},"boughtBefore":false},{"productId":"5012295-EA-000","brand":"Tip Top","name":"Supersoft Honeygrain Toast Bread","displayName":"700g","availability":["IN_STORE","ONLINE"],"saleType":"UNITS","restrictedFlag":false,"liquorFlag":false,"tobaccoFlag":false,"originRegulated":false,"singlePrice":{"price":389,"comparativePrice":{"pricePerUnit":56,"unitQuantity":100,"unitQuantityUom":"g","measureDescription":"100g"}},"categoryTrees":[{"level0":"Bakery","level1":"Sliced & Packaged Bread","level2":"Wholemeal, Grain & Seeded Bread"}],"cateredFlag":false,"algoliaAnalytics":{"searchQueryID":"b6bb4467b3c867dc0aef148265d34c07","searchPosition":318},"boughtBefore":false},{"productId":"5217170-EA-000","brand":"Just Juice","name":"Tropical Fruit Juice","displayName":"1l","availability":["IN_STORE","ONLINE"],"saleType":"UNITS","restrictedFlag":false,"liquorFlag":false,"tobaccoFlag":false,"originRegulated":false,"singlePrice":{"price":379,"comparativePrice":{"pricePerUnit":379,"unitQuantity":1,"unitQuantityUom":"L","measureDescription":"1L"}},"facets":[{"itemCode":"00020012","itemDescription":"Non-GMO"}],"categoryTrees":[{"level0":"Hot & Cold Drinks","level1":"Juice & Smoothies","level2":"Fruit Juice"}],"cateredFlag":false,"algoliaAnalytics":{"searchQueryID":"b6bb4467b3c867dc0aef148265d34c07","searchPosition":319},"boughtBefore":false},{"productId":"5206293-EA-000","brand":"Value","name":"Instant Coffee Powder","displayName":"90g","availability":["IN_STORE","ONLINE"],"saleType":"UNITS","restrictedFlag":false,"liquorFlag":false,"tobaccoFlag":false,"originRegulated":false,"singlePrice":{"price":259,"comparativePrice":{"pricePerUnit":288,"unitQuantity":100,"unitQuantityUom":"g","measureDescription":"100g"}},"facets":[{"itemCode":"00020007","itemDescription":"Dairy Free"},{"itemCode":"00020012","itemDescription":"Non-GMO"}],"categoryTrees":[{"level0":"Hot & Cold Drinks","level1":"Coffee","level2":"Instant Coffee"}],"cateredFlag":false,"algoliaAnalytics":{"searchQueryID":"b6bb4467b3c867dc0aef148265d34c07","searchPosition":320},"boughtBefore":false},{"productId":"5004861-EA-000","brand":"Pams","name":"Tomato Paste","displayName":"170g","availability":["IN_STORE","ONLINE"],"saleType":"UNITS","restrictedFlag":false,"liquorFlag":false,"tobaccoFlag":false,"originRegulated":false,"singlePrice":{"price":79,"comparativePrice":{"pricePerUnit":46,"unitQuantity":100,"unitQuantityUom":"g","measureDescription":"100g"}},"facets":[{"itemCode":"00020007","itemDescription":"Dairy Free"},{"itemCode":"00020009","itemDescription":"Low Fat"},{"itemCode":"00020012","itemDescription":"Non-GMO"}],"categoryTrees":[{"level0":"Pantry","level1":"Cooking Sauces, Stocks & Marinades","level2":"Tomato Paste & Puree"},{"level0":"Featured","level1":"Pams","level2":"Sauces, Stock & Marinades"}],"cateredFlag":false,"algoliaAnalytics":{"searchQueryID":"b6bb4467b3c867dc0aef148265d34c07","searchPosition":321},"boughtBefore":false},{"productId":"5003844-EA-000","brand":"Pams","name":"Self Raising Flour","displayName":"1.5kg","availability":["IN_STORE","ONLINE"],"saleType":"UNITS","restrictedFlag":false,"liquorFlag":false,"tobaccoFlag":false,"originRegulated":false,"singlePrice":{"price":255,"comparativePrice":{"pricePerUnit":17,"unitQuantity":100,"unitQuantityUom":"g","measureDescription":"100g"}},"facets":[{"itemCode":"00020012","itemDescription":"Non-GMO"}],"categoryTrees":[{"level0":"Pantry","level1":"Baking Supplies & Sugar","level2":"Flour"},{"level0":"Featured","level1":"Pams","level2":"Baking Supplies & Sugar"}],"cateredFlag":false,"algoliaAnalytics":{"searchQueryID":"b6bb4467b3c867dc0aef148265d34c07","searchPosition":322},"boughtBefore":false},{"productId":"5007552-EA-000","brand":"Pams","name":"Whole Egg Mayonnaise","displayName":"443ml","availability":["IN_STORE","ONLINE"],"saleType":"UNITS","restrictedFlag":false,"liquorFlag":false,"tobaccoFlag":false,"originRegulated":false,"singlePrice":{"price":379,"comparativePrice":{"pricePerUnit":86,"unitQuantity":100,"unitQuantityUom":"ml","measureDescription":"100ml"}},"facets":[{"itemCode":"00020003","itemDescription":"Free Range"},{"itemCode":"00020007","itemDescription":"Dairy Free"},{"itemCode":"00020012","itemDescription":"Non-GMO"}],"categoryTrees":[{"level0":"Pantry","level1":"Table Sauces, Dressings & Condiments","level2":"Mayonnaise"},{"level0":"Featured","level1":"Pams","level2":"Condiments & Dressings"}],"cateredFlag":false,"algoliaAnalytics":{"searchQueryID":"b6bb4467b3c867dc0aef148265d34c07","searchPosition":323},"boughtBefore":false},{"productId":"5018461-EA-000","brand":"Fresh 'n Fruity","name":"Vanilla Bean Yoghurt","displayName":"1kg","availability":["IN_STORE","ONLINE"],"saleType":"UNITS","restrictedFlag":false,"liquorFlag":false,"tobaccoFlag":false,"originRegulated":false,"singlePrice":{"price":529,"comparativePrice":{"pricePerUnit":53,"unitQuantity":100,"unitQuantityUom":"g","measureDescription":"100g"}},"facets":[{"itemCode":"00020012","itemDescription":"Non-GMO"},{"itemCode":"00020009","itemDescription":"Low Fat"}],"categoryTrees":[{"level0":"Fridge, Deli & Eggs","level1":"Yoghurt","level2":"Large Yoghurt Tubs"}],"cateredFlag":false,"algoliaAnalytics":{"searchQueryID":"b6bb4467b3c867dc0aef148265d34c07","searchPosition":324},"boughtBefore":false},{"productId":"5205186-EA-000","brand":"Arnott's Shapes","name":"Originals Pizza Crackers","displayName":"190g","availability":["IN_STORE","ONLINE"],"saleType":"UNITS","restrictedFlag":false,"liquorFlag":false,"tobaccoFlag":false,"originRegulated":false,"singlePrice":{"price":279,"promoId":"130010292","comparativePrice":{"pricePerUnit":147,"unitQuantity":100,"unitQuantityUom":"g","measureDescription":"100g"}},"promotions":[{"promoId":"130010292","rewardValue":279,"decal":"6000","sapType":"BASE","rewardType":"NEW_PRICE","threshold":1,"limit":0,"multiProducts":false,"cardDependencyFlag":false,"bestPromotion":true,"comparativePrice":{"pricePerUnit":147,"unitQuantity":100,"unitQuantityUom":"g","measureDescription":"100g"}}],"facets":[{"itemCode":"00020012","itemDescription":"Non-GMO"}],"categoryTrees":[{"level0":"Pantry","level1":"Biscuits & Crackers","level2":"Crackers"},{"level0":"Featured","level1":"Back to School","level2":"Lunchbox Snacks","webContent":{"badgeSmallUrl":"","badgeMediumUrl":"","badgeLargeUrl":"","title":"","subTitle":"","campaignUrl":""},"appContent":{"badgeSmallUrl":"","badgeMediumUrl":"","badgeLargeUrl":"","title":"","subTitle":"","campaignUrl":""}}],"cateredFlag":false,"algoliaAnalytics":{"searchQueryID":"b6bb4467b3c867dc0aef148265d34c07","searchPosition":325},"boughtBefore":false},{"productId":"5230684-EA-000","brand":"Kettle Chip Company","name":"Honey Soy Chicken Potato Chips","displayName":"150g","availability":["IN_STORE","ONLINE"],"saleType":"UNITS","restrictedFlag":false,"liquorFlag":false,"tobaccoFlag":false,"originRegulated":false,"singlePrice":{"price":439,"comparativePrice":{"pricePerUnit":293,"unitQuantity":100,"unitQuantityUom":"g","measureDescription":"100g"}},"facets":[{"itemCode":"00020012","itemDescription":"Non-GMO"}],"categoryTrees":[{"level0":"Snacks, Treats & Easy Meals","level1":"Chips, Nuts & Snacks","level2":"Chips"},{"level0":"Pantry","level1":"Chips, Nuts & Snacks","level2":"Chips"}],"cateredFlag":false,"algoliaAnalytics":{"searchQueryID":"b6bb4467b3c867dc0aef148265d34c07","searchPosition":326},"boughtBefore":false},{"productId":"5013752-EA-000","brand":"Beehive","name":"Shaved Honey Baked Ham","displayName":"2 x 50g","availability":["IN_STORE","ONLINE"],"saleType":"UNITS","restrictedFlag":false,"liquorFlag":false,"tobaccoFlag":false,"originRegulated":true,"originStatement":"Made in New Zealand using pork from pigs raised in one or more of the countries: Australia, Belgium, Canada, Denmark, Finland, France, Germany, Ireland, Netherlands, Poland, UK, Spain, Sweden, USA.","singlePrice":{"price":259,"comparativePrice":{"pricePerUnit":2590,"unitQuantity":1,"unitQuantityUom":"kg","measureDescription":"1kg"}},"facets":[{"itemCode":"00020004","itemDescription":"Gluten Free"},{"itemCode":"00020009","itemDescription":"Low Fat"}],"categoryTrees":[{"level0":"Fridge, Deli & Eggs","level1":"Deli Meats & Smoked Fish","level2":"Ham & Pork Slices"},{"level0":"Meat, Poultry & Seafood","level1":"Deli Meats","level2":"Ham & Pork Slices"}],"cateredFlag":false,"algoliaAnalytics":{"searchQueryID":"b6bb4467b3c867dc0aef148265d34c07","searchPosition":327},"boughtBefore":false},{"productId":"5004746-EA-000","brand":"Pams","name":"Original Rice Crackers","displayName":"100g","availability":["IN_STORE","ONLINE"],"saleType":"UNITS","restrictedFlag":false,"liquorFlag":false,"tobaccoFlag":false,"originRegulated":false,"singlePrice":{"price":99,"comparativePrice":{"pricePerUnit":99,"unitQuantity":100,"unitQuantityUom":"g","measureDescription":"100g"}},"facets":[{"itemCode":"00020012","itemDescription":"Non-GMO"},{"itemCode":"00020004","itemDescription":"Gluten Free"}],"categoryTrees":[{"level0":"Pantry","level1":"Biscuits & Crackers","level2":"Rice Crackers"},{"level0":"Featured","level1":"Pams","level2":"Biscuits & Crackers"},{"level0":"Featured","level1":"Back to School","level2":"Lunchbox Snacks","webContent":{"badgeSmallUrl":"","badgeMediumUrl":"","badgeLargeUrl":"","title":"","subTitle":"","campaignUrl":""},"appContent":{"badgeSmallUrl":"","badgeMediumUrl":"","badgeLargeUrl":"","title":"","subTitle":"","campaignUrl":""}}],"cateredFlag":false,"algoliaAnalytics":{"searchQueryID":"b6bb4467b3c867dc0aef148265d34c07","searchPosition":328},"boughtBefore":false},{"productId":"5004771-EA-000","brand":"Pams","name":"Lite UHT Milk","displayName":"1l","availability":["IN_STORE","ONLINE"],"saleType":"UNITS","restrictedFlag":false,"liquorFlag":false,"tobaccoFlag":false,"originRegulated":false,"singlePrice":{"price":209,"comparativePrice":{"pricePerUnit":209,"unitQuantity":1,"unitQuantityUom":"L","measureDescription":"1L"}},"facets":[{"itemCode":"00020012","itemDescription":"Non-GMO"},{"itemCode":"00020009","itemDescription":"Low Fat"}],"categoryTrees":[{"level0":"Fridge, Deli & Eggs","level1":"Milk","level2":"UHT Milk & Milk Powder"},{"level0":"Pantry","level1":"Long Life & Dairy Free Milk","level2":"UHT Milk & Milk Powder"},{"level0":"Featured","level1":"Pams","level2":"Dairy & Eggs"}],"cateredFlag":false,"algoliaAnalytics":{"searchQueryID":"b6bb4467b3c867dc0aef148265d34c07","searchPosition":329},"boughtBefore":false},{"productId":"5019552-EA-000","brand":"John West","name":"Chunk Style Tuna in Springwater","displayName":"95g","availability":["IN_STORE","ONLINE"],"saleType":"UNITS","restrictedFlag":false,"liquorFlag":false,"tobaccoFlag":false,"originRegulated":false,"marketingInitiatives":[{"initiativeCode":"AOV"}],"singlePrice":{"price":199,"promoId":"129993939","comparativePrice":{"pricePerUnit":2095,"unitQuantity":1,"unitQuantityUom":"kg","measureDescription":"1kg"}},"promotions":[{"promoId":"129993941","rewardValue":600,"decal":"6000","sapType":"LAYERED","rewardType":"NEW_PRICE","threshold":4,"multiProducts":true,"cardDependencyFlag":false,"bestPromotion":true,"comparativePrice":{"pricePerUnit":1579,"unitQuantity":1,"unitQuantityUom":"kg","measureDescription":"1kg"}}],"facets":[{"itemCode":"00020009","itemDescription":"Low Fat"},{"itemCode":"00020012","itemDescription":"Non-GMO"}],"categoryTrees":[{"level0":"Pantry","level1":"Canned Foods & Packets","level2":"Canned Tuna"}],"cateredFlag":false,"algoliaAnalytics":{"searchQueryID":"b6bb4467b3c867dc0aef148265d34c07","searchPosition":330},"boughtBefore":false},{"productId":"5015760-EA-000","brand":"Rolling Meadow","name":"Tasty Grated Cheese","displayName":"500g","availability":["IN_STORE","ONLINE"],"saleType":"UNITS","restrictedFlag":false,"liquorFlag":false,"tobaccoFlag":false,"originRegulated":false,"singlePrice":{"price":999,"comparativePrice":{"pricePerUnit":200,"unitQuantity":100,"unitQuantityUom":"g","measureDescription":"100g"}},"facets":[{"itemCode":"00020002","itemDescription":"Halal"},{"itemCode":"00020012","itemDescription":"Non-GMO"},{"itemCode":"00020014","itemDescription":"Vegetarian"},{"itemCode":"00020004","itemDescription":"Gluten Free"}],"categoryTrees":[{"level0":"Fridge, Deli & Eggs","level1":"Cheese","level2":"Grated Cheese"}],"cateredFlag":false,"algoliaAnalytics":{"searchQueryID":"b6bb4467b3c867dc0aef148265d34c07","searchPosition":331},"boughtBefore":false},{"productId":"5034510-EA-000","brand":"Moccona","name":"Classic Medium Roast Instant Coffee Refill","displayName":"90g","availability":["IN_STORE","ONLINE"],"saleType":"UNITS","restrictedFlag":false,"liquorFlag":false,"tobaccoFlag":false,"originRegulated":false,"singlePrice":{"price":979,"promoId":"130015944","comparativePrice":{"pricePerUnit":1088,"unitQuantity":100,"unitQuantityUom":"g","measureDescription":"100g"}},"promotions":[{"promoId":"130015944","rewardValue":979,"decal":"6000","sapType":"BASE","rewardType":"NEW_PRICE","threshold":1,"limit":0,"multiProducts":false,"cardDependencyFlag":false,"bestPromotion":true,"comparativePrice":{"pricePerUnit":1088,"unitQuantity":100,"unitQuantityUom":"g","measureDescription":"100g"}}],"facets":[{"itemCode":"00020012","itemDescription":"Non-GMO"}],"categoryTrees":[{"level0":"Hot & Cold Drinks","level1":"Coffee","level2":"Instant Coffee"}],"cateredFlag":false,"algoliaAnalytics":{"searchQueryID":"b6bb4467b3c867dc0aef148265d34c07","searchPosition":332},"boughtBefore":false},{"productId":"5039358-EA-000","brand":"Morning Harvest","name":"Colony Laid Size 7 Eggs","displayName":"12pk","availability":["IN_STORE","ONLINE"],"saleType":"UNITS","restrictedFlag":false,"liquorFlag":false,"tobaccoFlag":false,"originRegulated":false,"singlePrice":{"price":849,"comparativePrice":{"pricePerUnit":71,"unitQuantity":1,"unitQuantityUom":"ea","measureDescription":"ea"}},"categoryTrees":[{"level0":"Fridge, Deli & Eggs","level1":"Eggs","level2":"Barn Eggs"}],"cateredFlag":false,"algoliaAnalytics":{"searchQueryID":"b6bb4467b3c867dc0aef148265d34c07","searchPosition":333},"boughtBefore":false},{"productId":"5006195-EA-000","brand":"Pams","name":"Tempura Coated Chicken Nuggets","displayName":"1kg","availability":["IN_STORE","ONLINE"],"saleType":"UNITS","restrictedFlag":false,"liquorFlag":false,"tobaccoFlag":false,"originRegulated":true,"originStatement":"Product of New Zealand","singlePrice":{"price":1099,"comparativePrice":{"pricePerUnit":1099,"unitQuantity":1,"unitQuantityUom":"kg","measureDescription":"1kg"}},"facets":[{"itemCode":"00020006","itemDescription":"Cage Free"},{"itemCode":"00020012","itemDescription":"Non-GMO"}],"categoryTrees":[{"level0":"Frozen","level1":"Frozen Chicken & Meat","level2":"Frozen Coated Chicken & Nuggets"},{"level0":"Featured","level1":"Pams","level2":"Frozen Foods"}],"cateredFlag":false,"algoliaAnalytics":{"searchQueryID":"b6bb4467b3c867dc0aef148265d34c07","searchPosition":334},"boughtBefore":false},{"productId":"5093130-EA-000","brand":"Anchor","name":"Uno Squeezie Smooth Vanilla Yoghurt","displayName":"100g","availability":["IN_STORE","ONLINE"],"saleType":"UNITS","restrictedFlag":false,"liquorFlag":false,"tobaccoFlag":false,"originRegulated":false,"singlePrice":{"price":229,"comparativePrice":{"pricePerUnit":229,"unitQuantity":100,"unitQuantityUom":"g","measureDescription":"100g"}},"facets":[{"itemCode":"00020009","itemDescription":"Low Fat"},{"itemCode":"00020002","itemDescription":"Halal"},{"itemCode":"00020012","itemDescription":"Non-GMO"}],"categoryTrees":[{"level0":"Fridge, Deli & Eggs","level1":"Yoghurt","level2":"Yoghurt Multi Packs & Single Serve"},{"level0":"Snacks, Treats & Easy Meals","level1":"Lunchbox Snacks","level2":"Yoghurt Pouches & Single Serve"},{"level0":"Featured","level1":"Back to School","level2":"Lunchbox Snacks","webContent":{"badgeSmallUrl":"","badgeMediumUrl":"","badgeLargeUrl":"","title":"","subTitle":"","campaignUrl":""},"appContent":{"badgeSmallUrl":"","badgeMediumUrl":"","badgeLargeUrl":"","title":"","subTitle":"","campaignUrl":""}}],"cateredFlag":false,"algoliaAnalytics":{"searchQueryID":"b6bb4467b3c867dc0aef148265d34c07","searchPosition":335},"boughtBefore":false},{"productId":"5012908-EA-000","brand":"Mainland","name":"Subtle Silky & Stretchy Mozzarella Grated Cheese","displayName":"375g","availability":["IN_STORE","ONLINE"],"saleType":"UNITS","restrictedFlag":false,"liquorFlag":false,"tobaccoFlag":false,"originRegulated":false,"singlePrice":{"price":879,"comparativePrice":{"pricePerUnit":234,"unitQuantity":100,"unitQuantityUom":"g","measureDescription":"100g"}},"facets":[{"itemCode":"00020012","itemDescription":"Non-GMO"}],"categoryTrees":[{"level0":"Fridge, Deli & Eggs","level1":"Cheese","level2":"Halloumi, Mozzarella & Parmesan"},{"level0":"Fridge, Deli & Eggs","level1":"Cheese","level2":"Grated Cheese"},{"level0":"Featured","level1":"Back to School","level2":"Back to School Lunches","webContent":{"badgeSmallUrl":"","badgeMediumUrl":"","badgeLargeUrl":"","title":"","subTitle":"","campaignUrl":""},"appContent":{"badgeSmallUrl":"","badgeMediumUrl":"","badgeLargeUrl":"","title":"","subTitle":"","campaignUrl":""}}],"cateredFlag":false,"algoliaAnalytics":{"searchQueryID":"b6bb4467b3c867dc0aef148265d34c07","searchPosition":336},"boughtBefore":false},{"productId":"5009653-EA-000","brand":"Whittaker's","name":"Almond Gold 33% Cocoa Milk Chocolate Block","displayName":"250g","availability":["IN_STORE","ONLINE"],"saleType":"UNITS","restrictedFlag":false,"liquorFlag":false,"tobaccoFlag":false,"originRegulated":false,"singlePrice":{"price":659,"promoId":"130003244","comparativePrice":{"pricePerUnit":264,"unitQuantity":100,"unitQuantityUom":"g","measureDescription":"100g"}},"promotions":[{"promoId":"130003244","rewardValue":659,"decal":"6000","sapType":"BASE","rewardType":"NEW_PRICE","threshold":1,"limit":0,"multiProducts":false,"cardDependencyFlag":false,"bestPromotion":true,"comparativePrice":{"pricePerUnit":264,"unitQuantity":100,"unitQuantityUom":"g","measureDescription":"100g"}}],"facets":[{"itemCode":"00020012","itemDescription":"Non-GMO"}],"categoryTrees":[{"level0":"Snacks, Treats & Easy Meals","level1":"Chocolate, Sweets & Chewing Gum","level2":"Chocolate Blocks"},{"level0":"Pantry","level1":"Chocolate, Sweets & Chewing Gum","level2":"Chocolate Blocks"}],"cateredFlag":false,"algoliaAnalytics":{"searchQueryID":"b6bb4467b3c867dc0aef148265d34c07","searchPosition":337},"boughtBefore":false},{"productId":"5005482-EA-000","brand":"Pams","name":"Colby Flavoured Processed Cheese Slices","displayName":"250g","availability":["IN_STORE","ONLINE"],"saleType":"UNITS","restrictedFlag":false,"liquorFlag":false,"tobaccoFlag":false,"originRegulated":false,"singlePrice":{"price":349,"comparativePrice":{"pricePerUnit":140,"unitQuantity":100,"unitQuantityUom":"g","measureDescription":"100g"}},"facets":[{"itemCode":"00020012","itemDescription":"Non-GMO"}],"categoryTrees":[{"level0":"Fridge, Deli & Eggs","level1":"Cheese","level2":"Sliced Cheese"},{"level0":"Featured","level1":"Pams","level2":"Cheese"},{"level0":"Featured","level1":"Back to School","level2":"Back to School Lunches","webContent":{"badgeSmallUrl":"","badgeMediumUrl":"","badgeLargeUrl":"","title":"","subTitle":"","campaignUrl":""},"appContent":{"badgeSmallUrl":"","badgeMediumUrl":"","badgeLargeUrl":"","title":"","subTitle":"","campaignUrl":""}}],"cateredFlag":false,"algoliaAnalytics":{"searchQueryID":"b6bb4467b3c867dc0aef148265d34c07","searchPosition":338},"boughtBefore":false},{"productId":"5004743-EA-000","brand":"Pams","name":"Jasmine Rice","displayName":"1kg","availability":["IN_STORE","ONLINE"],"saleType":"UNITS","restrictedFlag":false,"liquorFlag":false,"tobaccoFlag":false,"originRegulated":false,"singlePrice":{"price":329,"comparativePrice":{"pricePerUnit":33,"unitQuantity":100,"unitQuantityUom":"g","measureDescription":"100g"}},"facets":[{"itemCode":"00020009","itemDescription":"Low Fat"},{"itemCode":"00020002","itemDescription":"Halal"},{"itemCode":"00020012","itemDescription":"Non-GMO"},{"itemCode":"00020011","itemDescription":"Low Sugar"}],"categoryTrees":[{"level0":"Pantry","level1":"Pasta, Rice & Noodles","level2":"Rice"},{"level0":"Featured","level1":"Pams","level2":"Pasta, Rice & Noodles"}],"cateredFlag":false,"algoliaAnalytics":{"searchQueryID":"b6bb4467b3c867dc0aef148265d34c07","searchPosition":339},"boughtBefore":false},{"productId":"5241237-EA-000","brand":"Hellers","name":"Shaved Champagne Ham","displayName":"200g","availability":["IN_STORE","ONLINE"],"saleType":"UNITS","restrictedFlag":false,"liquorFlag":false,"tobaccoFlag":false,"originRegulated":true,"originStatement":"Made in New Zealand with pork raised in any one or more of the following countries: Canada, Denmark, Germany, Poland, Spain, USA plus other local and imported ingredients.","singlePrice":{"price":579,"comparativePrice":{"pricePerUnit":2895,"unitQuantity":1,"unitQuantityUom":"kg","measureDescription":"1kg"}},"facets":[{"itemCode":"00020012","itemDescription":"Non-GMO"},{"itemCode":"00020004","itemDescription":"Gluten Free"},{"itemCode":"00020009","itemDescription":"Low Fat"}],"categoryTrees":[{"level0":"Fridge, Deli & Eggs","level1":"Deli Meats & Smoked Fish","level2":"Ham & Pork Slices"},{"level0":"Meat, Poultry & Seafood","level1":"Deli Meats","level2":"Ham & Pork Slices"},{"level0":"Featured","level1":"Back to School","level2":"Back to School Lunches","webContent":{"badgeSmallUrl":"","badgeMediumUrl":"","badgeLargeUrl":"","title":"","subTitle":"","campaignUrl":""},"appContent":{"badgeSmallUrl":"","badgeMediumUrl":"","badgeLargeUrl":"","title":"","subTitle":"","campaignUrl":""}}],"cateredFlag":false,"algoliaAnalytics":{"searchQueryID":"b6bb4467b3c867dc0aef148265d34c07","searchPosition":340},"boughtBefore":false},{"productId":"5002606-EA-000","brand":"Hound Log","name":"Economy Dog Roll","displayName":"3kg","availability":["IN_STORE","ONLINE"],"saleType":"UNITS","restrictedFlag":false,"liquorFlag":false,"tobaccoFlag":false,"originRegulated":false,"singlePrice":{"price":1049,"comparativePrice":{"pricePerUnit":35,"unitQuantity":100,"unitQuantityUom":"g","measureDescription":"100g"}},"categoryTrees":[{"level0":"Pets","level1":"Dog","level2":"Dog Roll"}],"cateredFlag":false,"algoliaAnalytics":{"searchQueryID":"b6bb4467b3c867dc0aef148265d34c07","searchPosition":341},"boughtBefore":false},{"productId":"5026826-EA-000","brand":"Ingham's","name":"Garlic & Herb Butterfly Chicken","displayName":"1.1kg","availability":["IN_STORE","ONLINE"],"saleType":"UNITS","restrictedFlag":false,"liquorFlag":false,"tobaccoFlag":false,"originRegulated":false,"singlePrice":{"price":999,"promoId":"129970369","comparativePrice":{"pricePerUnit":908,"unitQuantity":1,"unitQuantityUom":"kg","measureDescription":"1kg"}},"promotions":[{"promoId":"129970369","rewardValue":999,"decal":"6000","sapType":"BASE","rewardType":"NEW_PRICE","threshold":1,"limit":0,"multiProducts":false,"cardDependencyFlag":false,"bestPromotion":true,"comparativePrice":{"pricePerUnit":908,"unitQuantity":1,"unitQuantityUom":"kg","measureDescription":"1kg"}}],"facets":[{"itemCode":"00020007","itemDescription":"Dairy Free"},{"itemCode":"00020012","itemDescription":"Non-GMO"},{"itemCode":"00020006","itemDescription":"Cage Free"}],"categoryTrees":[{"level0":"Meat, Poultry & Seafood","level1":"Chicken & Poultry","level2":"Crumbed & Marinated Chicken"}],"cateredFlag":false,"algoliaAnalytics":{"searchQueryID":"b6bb4467b3c867dc0aef148265d34c07","searchPosition":342},"boughtBefore":false},{"productId":"5003695-EA-000","brand":"Pams","name":"Canola Oil","displayName":"500ml","availability":["IN_STORE","ONLINE"],"saleType":"UNITS","restrictedFlag":false,"liquorFlag":false,"tobaccoFlag":false,"originRegulated":false,"singlePrice":{"price":189,"comparativePrice":{"pricePerUnit":38,"unitQuantity":100,"unitQuantityUom":"ml","measureDescription":"100ml"}},"facets":[{"itemCode":"00020007","itemDescription":"Dairy Free"},{"itemCode":"00020012","itemDescription":"Non-GMO"}],"categoryTrees":[{"level0":"Pantry","level1":"Oil & Vinegar","level2":"Cooking Oil"},{"level0":"Featured","level1":"Pams","level2":"Salad & Cooking Oils"}],"cateredFlag":false,"algoliaAnalytics":{"searchQueryID":"b6bb4467b3c867dc0aef148265d34c07","searchPosition":343},"boughtBefore":false},{"productId":"5027144-EA-000","brand":"Meadow Fresh","name":"Traditional Cottage Cheese","displayName":"250g","availability":["IN_STORE","ONLINE"],"saleType":"UNITS","restrictedFlag":false,"liquorFlag":false,"tobaccoFlag":false,"originRegulated":false,"singlePrice":{"price":399,"comparativePrice":{"pricePerUnit":160,"unitQuantity":100,"unitQuantityUom":"g","measureDescription":"100g"}},"facets":[{"itemCode":"00020014","itemDescription":"Vegetarian"},{"itemCode":"00020004","itemDescription":"Gluten Free"},{"itemCode":"00020012","itemDescription":"Non-GMO"}],"categoryTrees":[{"level0":"Fridge, Deli & Eggs","level1":"Cheese","level2":"Cream Cheese & Cottage Cheese"}],"cateredFlag":false,"algoliaAnalytics":{"searchQueryID":"b6bb4467b3c867dc0aef148265d34c07","searchPosition":344},"boughtBefore":false},{"productId":"5215070-EA-000","brand":"Cadbury","name":"Caramilk Chocolate Block","displayName":"180g","availability":["IN_STORE","ONLINE"],"saleType":"UNITS","restrictedFlag":false,"liquorFlag":false,"tobaccoFlag":false,"originRegulated":false,"singlePrice":{"price":329,"promoId":"130003269","comparativePrice":{"pricePerUnit":183,"unitQuantity":100,"unitQuantityUom":"g","measureDescription":"100g"}},"promotions":[{"promoId":"130003269","rewardValue":329,"decal":"6000","sapType":"BASE","rewardType":"NEW_PRICE","threshold":1,"limit":0,"multiProducts":false,"cardDependencyFlag":false,"bestPromotion":true,"comparativePrice":{"pricePerUnit":183,"unitQuantity":100,"unitQuantityUom":"g","measureDescription":"100g"}}],"facets":[{"itemCode":"00020012","itemDescription":"Non-GMO"}],"categoryTrees":[{"level0":"Snacks, Treats & Easy Meals","level1":"Chocolate, Sweets & Chewing Gum","level2":"Chocolate Blocks"},{"level0":"Pantry","level1":"Chocolate, Sweets & Chewing Gum","level2":"Chocolate Blocks"}],"cateredFlag":false,"algoliaAnalytics":{"searchQueryID":"b6bb4467b3c867dc0aef148265d34c07","searchPosition":345},"boughtBefore":false},{"productId":"5088914-EA-000","brand":"Oreo","name":"Chocolate Creme Cookies","displayName":"128g","availability":["IN_STORE","ONLINE"],"saleType":"UNITS","restrictedFlag":false,"liquorFlag":false,"tobaccoFlag":false,"originRegulated":false,"singlePrice":{"price":189,"comparativePrice":{"pricePerUnit":148,"unitQuantity":100,"unitQuantityUom":"g","measureDescription":"100g"}},"promotions":[{"promoId":"129972415","rewardValue":500,"decal":"6000","sapType":"LAYERED","rewardType":"NEW_PRICE","threshold":5,"multiProducts":true,"cardDependencyFlag":false,"bestPromotion":true,"comparativePrice":{"pricePerUnit":78,"unitQuantity":100,"unitQuantityUom":"g","measureDescription":"100g"}}],"facets":[{"itemCode":"00020012","itemDescription":"Non-GMO"}],"categoryTrees":[{"level0":"Pantry","level1":"Biscuits & Crackers","level2":"Crme, Jam & Iced Biscuits"},{"level0":"$5 Week 1","level1":"$5 Week 1","level2":"Deals","webContent":{"badgeSmallUrl":"","badgeMediumUrl":"","badgeLargeUrl":"","title":"","subTitle":"","campaignUrl":""},"appContent":{"badgeSmallUrl":"","badgeMediumUrl":"","badgeLargeUrl":"","title":"","subTitle":"","campaignUrl":""}}],"cateredFlag":false,"algoliaAnalytics":{"searchQueryID":"b6bb4467b3c867dc0aef148265d34c07","searchPosition":346},"boughtBefore":false},{"productId":"5002730-EA-000","brand":"Anchor","name":"Blue UHT Longlife Milk","displayName":"250ml","availability":["IN_STORE","ONLINE"],"saleType":"UNITS","restrictedFlag":false,"liquorFlag":false,"tobaccoFlag":false,"originRegulated":false,"singlePrice":{"price":159,"comparativePrice":{"pricePerUnit":636,"unitQuantity":1,"unitQuantityUom":"L","measureDescription":"1L"}},"facets":[{"itemCode":"00020012","itemDescription":"Non-GMO"}],"categoryTrees":[{"level0":"Fridge, Deli & Eggs","level1":"Milk","level2":"UHT Milk & Milk Powder"},{"level0":"Pantry","level1":"Long Life & Dairy Free Milk","level2":"UHT Milk & Milk Powder"}],"cateredFlag":false,"algoliaAnalytics":{"searchQueryID":"b6bb4467b3c867dc0aef148265d34c07","searchPosition":347},"boughtBefore":false},{"productId":"5009254-EA-000","brand":"Colgate","name":"Triple Action Original Mint Toothpaste","displayName":"110g","availability":["IN_STORE","ONLINE"],"saleType":"UNITS","restrictedFlag":false,"liquorFlag":false,"tobaccoFlag":false,"originRegulated":false,"singlePrice":{"price":229,"comparativePrice":{"pricePerUnit":208,"unitQuantity":100,"unitQuantityUom":"g","measureDescription":"100g"}},"facets":[{"itemCode":"00020004","itemDescription":"Gluten Free"},{"itemCode":"00020011","itemDescription":"Low Sugar"},{"itemCode":"00020013","itemDescription":"Vegan"}],"categoryTrees":[{"level0":"Health & Body","level1":"Dental & Oral Care","level2":"Toothpaste"}],"cateredFlag":false,"algoliaAnalytics":{"searchQueryID":"b6bb4467b3c867dc0aef148265d34c07","searchPosition":348},"boughtBefore":false},{"productId":"5238248-EA-000","brand":"Diamond","name":"Lasagne Sheets","displayName":"250g","availability":["IN_STORE","ONLINE"],"saleType":"UNITS","restrictedFlag":false,"liquorFlag":false,"tobaccoFlag":false,"originRegulated":false,"singlePrice":{"price":359,"comparativePrice":{"pricePerUnit":144,"unitQuantity":100,"unitQuantityUom":"g","measureDescription":"100g"}},"categoryTrees":[{"level0":"Pantry","level1":"Pasta, Rice & Noodles","level2":"Dried Pasta"}],"cateredFlag":false,"algoliaAnalytics":{"searchQueryID":"b6bb4467b3c867dc0aef148265d34c07","searchPosition":349},"boughtBefore":false},{"productId":"5007316-EA-000","brand":"Sprite","name":"Zero Sugar Natural Flavour Soft Drink","displayName":"2.25l","availability":["IN_STORE","ONLINE"],"saleType":"UNITS","restrictedFlag":false,"liquorFlag":false,"tobaccoFlag":false,"originRegulated":false,"singlePrice":{"price":349,"comparativePrice":{"pricePerUnit":155,"unitQuantity":1,"unitQuantityUom":"L","measureDescription":"1L"}},"facets":[{"itemCode":"00020012","itemDescription":"Non-GMO"},{"itemCode":"00020011","itemDescription":"Low Sugar"}],"categoryTrees":[{"level0":"Hot & Cold Drinks","level1":"Soft Drinks & Mixers","level2":"Lemonade"},{"level0":"Hot & Cold Drinks","level1":"Soft Drinks & Mixers","level2":"Diet & Zero Sugar Soft Drinks"}],"cateredFlag":false,"algoliaAnalytics":{"searchQueryID":"b6bb4467b3c867dc0aef148265d34c07","searchPosition":350},"boughtBefore":false}],"algoliaSearchResult":{"facets":{"brand":{"Pams":809,"Wattie's":155,"Mrs Rogers":111,"Colgate":90,"Anchor":81,"Korbond":81,"Healtheries":80,"Tip Top":72,"Hellers":64,"VitaPet":63,"Gregg's":60,"Value":60,"Ceres Organics":56,"Continental":52,"Dettol":52,"Tasti":52,"Mainland":51,"Griffin's":50,"Maggi":50,"Pams Value":50,"Nivea":49,"Red Seal":49,"Dove":48,"Barker's":47,"Meadow Fresh":47,"Musashi":46,"Huggies":44,"Nestle":43,"Nescafe":41,"Palmolive":40,"McCain":39,"Bic":38,"Masterfoods":37,"Mother Earth":36,"Cadbury":35,"Delmaine":34,"Kellogg's":34,"Heinz":33,"Sealord":33,"Graze":31,"Lewis Road Creamery":31,"Sistema":31,"Whittaker's":31,"Chux":30,"Edmonds":30,"Jed's Coffee Co.":30,"The Collective":30,"Pams Finest":29,"Avalanche":28,"Bundaberg":28,"Energizer":28,"Whiskas":28,"Big Black Sacks":27,"Bluebird":27,"Glow Lab":27,"Kapiti":27,"Palmolive Naturals":27,"Arnott's":26,"Diamond":26,"Fresh To Go":26,"Hubbards":26,"Lindt":26,"Schweppes":26,"Farrah's":25,"Moccona":25,"Old El Paso":25,"Persil":25,"Philips":25,"Best":24,"Chef":24,"Fresh 'n Fruity":24,"Schick":24,"Tegel":24,"Eta":23,"Purina Fancy Feast":23,"Surv":23,"Dairyworks":22,"Dine":22,"Ecostore":22,"Harpic":22,"North Head":22,"San Remo":22,"Head & Shoulders":21,"John West":21,"Lee Kum Kee":21,"Rascals":21,"V":21,"Verkerks":21,"Chelsea":20,"Jacob's Creek":20,"Leggo's":20,"Only Organic":20,"Sanitarium Up & Go":20,"U By Kotex":20,"Campbell's":19,"Eveready":19,"Magnum":19,"Nivea Men":19,"Poise":19,"Schwarzkopf Extra Care":19},"tobacco":{"false":9994},"category1NI":{"Chips, Nuts & Snacks":445,"Canned Foods & Packets":347,"Pams":344,"Biscuits & Crackers":304,"Back to School":290,"Chocolate, Sweets & Chewing Gum":288,"Cooking Sauces, Stocks & Marinades":274,"Hair Care":265,"Stationery & Entertainment":257,"Cheese":238,"Lunchbox Snacks":235,"Spices, Seasoning & Coatings":234,"Baking Supplies & Sugar":231,"Coffee":226,"Table Sauces, Dressings & Condiments":225,"Pasta, Rice & Noodles":224,"Cat":213,"Ice Cream & Sorbet":204,"Yoghurt":202,"Cleaning & Accessories":199,"Easy Meals & Meal Kits":176,"Deli Meats & Smoked Fish":169,"Homewares":165,"Food Wrap, Storage & Bags":163,"Dental & Oral Care":159,"Bath, Shower & Soap":157,"Red Wine":156,"Dog":151,"Soft Drinks & Mixers":148,"Breakfast Cereals":146,"Skin Care & Sun Care":143,"Deli Meats":137,"Laundry":134,"White Wine":130,"Medical & First Aid":125,"$5 Week 1":117,"Juice & Smoothies":111,"Period & Continence Care":111,"World Foods":111,"Vegetables":107,"Dips, Hummus & Antipasti":103,"Vitamins & Supplements":101,"Milk":98,"Deodorant & Body Sprays":97,"Ready to Eat":95,"Batteries & Electrical":93,"Jams, Honey & Spreads":93,"Beer":92,"Tea":91,"Sports & Energy Drinks":90,"Bulk Foods":86,"Desserts":86,"Nappies & Changing":83,"Chilled Soups & Ready Meals":80,"Frozen Chicken & Meat":76,"Garage & Outdoor":76,"Baby & Toddler Food":74,"Sliced & Packaged Bread":72,"Kitchen Cleaners":71,"Cakes, Muffins & Desserts":67,"Hot Chocolate & Milk Drinks":67,"Shaving & Hair Removal":65,"Frozen Fish & Seafood":64,"Bathroom & Toilet Cleaners":61,"Fresh Salad & Herbs":61,"Sports Nutrition & Weight Management":60,"Frozen Vegetables":57,"In-Store Bakery":57,"Oil & Vinegar":56,"Frozen Dumplings, Pies & Snacks":53,"Dishwashing":52,"Frozen Pizza & Ready Meals":52,"Wraps, Pita & Flat Bread":50,"Butter & Margarine":48,"Frozen Fruit & Desserts":46,"Pest & Insect Control":46,"Syrups, Cordials & Powdered Drinks":46,"Long Life & Dairy Free Milk":45,"Chilled Pasta, Pizza & Garlic Bread":43,"Baby & Toddler Toiletries":41,"Toilet Paper, Tissues & Paper Towels":40,"Mince, Sausages & Meatballs":39,"Rose Wine":39,"Seafood":39,"Champagne & Sparkling Wine":38,"Baby Formula":37,"Frozen Chips & Hash Browns":36,"Fruit":36,"Bagels, Crumpets & Pancakes":35,"Cream, Custard & Desserts":34,"Craft Beer":31,"Water":31,"Chicken & Poultry":30,"Kombucha & Functional Drinks":29,"Clothing & Accessories":28,"Nursing & Feeding":28,"Alcohol Free Drinks":27,"Burger Buns, Rolls & Garlic Bread":26,"Cider":24,"Frozen Pastry & Bread":23},"onPromotion":{"61dd754e-8525-4b9e-9e08-173389eea8a8":2714,"c3f9e1a3-fc34-452d-af2e-95349e666ba4":2702,"715f0e22-95e0-45ce-af3a-07057209976e":2698,"4a279605-eaa8-470d-bcd4-0a9e3c9ab43b":2685,"5cf0392f-c187-4fc4-a463-eb269d2e8f45":2660,"90082979-fb9f-4305-9c72-83274fc438cc":2656,"b29a98bd-749c-489c-9eef-6aa38e66a29b":2631,"2ed73be8-936d-4f35-9398-75a707f40a7b":2560,"dbca5e00-f7f9-43ae-91de-031ad16f8a92":2548,"be4c4780-218e-425a-a90f-63e21773572b":2538,"8cd700ae-d96f-4761-bd7a-805d6b93536d":2460,"d8032da3-c1b9-456e-b626-41ce21f8c67b":2401,"3c5e3145-0767-4066-9349-6c0a1313acc5":2383,"bdc5ef4a-c6a7-4f8a-b8cb-28109e6d61c3":2266,"2a1b331a-fc4a-496a-b072-e97cc8f70cae":2066,"d6d39eea-889d-4e20-923c-55cab225cf7f":2060,"c2204dae-579e-4b6b-9d42-2e13ceaa6031":2057,"65defcf2-bc15-490e-a84f-1f13b769cd22":2047,"8f0d70be-5cb7-464b-99cb-8b0130671895":2024,"b92cc33f-b5a8-4b57-9b82-412946800020":1977,"3404c253-577f-45ca-b301-c98312e46efb":1965,"c0f80e87-16be-4488-9553-da437e8c6c2a":1954,"6e6809dd-01bc-45c9-aab1-f01ccd8338b0":1952,"3bfe040b-f0c9-45e0-949b-b9ad5a591d55":1940,"92086ded-a55d-4241-a364-7d7ea91531b4":1937,"48dd98cc-a757-4102-b15d-ea82b4b10571":1931,"49037947-e450-49bf-ba1f-a94551c79a72":1915,"21ecaaed-0749-4492-985e-4bb7ba43d59c":1903,"3bb30799-82ce-4648-8c02-5113228963ed":1895,"01a114de-149c-4f5f-80a1-90cc63f69c6e":1886,"c180a72d-5dbe-4403-b7c7-91655e505492":1877,"714431ab-6e39-4df6-ac77-cfc5c1e25bc8":1864,"e1925ea7-01bc-4358-ae7c-c6502da5ab12":1860,"64eab5b1-8d79-45f4-94f1-02b8cf8b6202":1857,"1c388d5e-29ac-4956-b476-cb3431353d2e":1852,"5f167936-79ae-4f6a-b9d2-74afe1bb096b":1845,"d1cd1fdd-8767-46a6-a8d3-c3e0632c2dc8":1845,"b2e98a14-c8ca-401e-99ed-edf74570c6f6":1838,"af385423-d0f1-41f0-9482-ffd10b745143":1829,"6cda96e1-7d29-44a6-956b-3fcfdecc8184":1820,"529d66cc-60e3-432e-b8d1-efc9f2ec4919":1815,"4fcc1c8e-cc5e-4675-ba25-5e56b579cf69":1800,"7d48a781-4f68-4c91-a908-8659e1b22f95":1773,"53989945-1a28-481d-a61c-d6f75f760ada":1767,"60561e46-ece7-43a7-b142-9b14812586e4":1765,"9cd8eb60-3222-4efc-bd7c-50e03e6a81a4":1761,"33d8d6fc-861a-45ff-9937-5ccdb55eaede":1756,"15e6f441-5c1c-4d25-b4ec-1adf918c49c7":1746,"98ec3885-ac93-4fcb-807b-59c9055c52c4":1730,"94ef1985-cab1-4b39-a2f3-230120f03c16":1727,"a7d09522-bee2-41e4-8fe0-0b82b7f342f5":1712,"6c73764e-b8e6-4e55-ad37-f6a9d207da1f":1700,"b83029b6-5dd5-449e-8056-26f3943a4e18":1699,"50b1216b-d066-4457-b88b-9bccf97bf6d3":1684,"3e82142c-78dc-46f3-82ec-28e65fcf84c9":1614,"b39562a4-2b72-43fe-b9ba-eda1d651ad0b":1577,"076e8177-943b-41fc-a885-ba3d28297acf":1534},"productFacets":{"Non-GMO":4194,"Gluten Free":1186,"Dairy Free":518,"Vegetarian":461,"Low Fat":431,"Vegan":397,"Low Sugar":355,"Organic":260,"Halal":229,"Free Range":100,"Cage Free":47,"Keto":27,"Low Salt":24,"Healthy Heart Tick":1}}},"algoliaFacetQueriesResults":[],"totalHits":1000,"page":6,"totalPages":20,"hitsPerPage":50},
{"tobaccoProducts":false,"products":[{"productId":"5002351-EA-000","brand":"Kleenex","name":"Aloe & Vitamin E Facial Tissues","displayName":"140pk","availability":["IN_STORE","ONLINE"],"saleType":"UNITS","restrictedFlag":false,"liquorFlag":false,"tobaccoFlag":false,"originRegulated":false,"singlePrice":{"price":409,"comparativePrice":{"pricePerUnit":292,"unitQuantity":100,"unitQuantityUom":" ","measureDescription":"100"}},"categoryTrees":[{"level0":"Health & Body","level1":"Tissues & Cotton Wool","level2":"Tissues"},{"level0":"Household & Cleaning","level1":"Toilet Paper, Tissues & Paper Towels","level2":"Tissues"}],"cateredFlag":false,"algoliaAnalytics":{"searchQueryID":"fcffc596e573a665e16562ef1d1ba03b","searchPosition":251},"boughtBefore":false},{"productId":"5093551-EA-000","brand":"Spring Life","name":"Mung Bean Sprouts","displayName":"200g","availability":["IN_STORE","ONLINE"],"saleType":"UNITS","restrictedFlag":false,"liquorFlag":false,"tobaccoFlag":false,"originRegulated":true,"originStatement":"Product of New Zealand","singlePrice":{"price":229,"comparativePrice":{"pricePerUnit":1145,"unitQuantity":1,"unitQuantityUom":"kg","measureDescription":"1kg"}},"facets":[{"itemCode":"00020012","itemDescription":"Non-GMO"}],"categoryTrees":[{"level0":"Fruit & Vegetables","level1":"Vegetables","level2":"Microgreens & Sprouts"},{"level0":"Fruit & Vegetables","level1":"Fresh Salad & Herbs","level2":"Microgreens & Sprouts"}],"cateredFlag":false,"algoliaAnalytics":{"searchQueryID":"fcffc596e573a665e16562ef1d1ba03b","searchPosition":252},"boughtBefore":false},{"productId":"5020662-EA-000","brand":"V","name":"Guarana Energy Drink","displayName":"500ml","availability":["IN_STORE","ONLINE"],"saleType":"UNITS","restrictedFlag":false,"liquorFlag":false,"tobaccoFlag":false,"originRegulated":false,"singlePrice":{"price":389,"comparativePrice":{"pricePerUnit":778,"unitQuantity":1,"unitQuantityUom":"L","measureDescription":"1L"}},"promotions":[{"promoId":"130053812","rewardValue":500,"decal":"6000","sapType":"LAYERED","rewardType":"NEW_PRICE","threshold":2,"multiProducts":true,"cardDependencyFlag":false,"bestPromotion":true,"comparativePrice":{"pricePerUnit":500,"unitQuantity":1,"unitQuantityUom":"L","measureDescription":"1L"}}],"facets":[{"itemCode":"00020012","itemDescription":"Non-GMO"}],"categoryTrees":[{"level0":"Hot & Cold Drinks","level1":"Sports & Energy Drinks","level2":"Energy Drinks"}],"cateredFlag":false,"algoliaAnalytics":{"searchQueryID":"fcffc596e573a665e16562ef1d1ba03b","searchPosition":253},"boughtBefore":false},{"productId":"5287094-EA-000","brand":"Big Ben","name":"Classic Mince & Cheese Pies","displayName":"6pk","availability":["IN_STORE","ONLINE"],"saleType":"UNITS","restrictedFlag":false,"liquorFlag":false,"tobaccoFlag":false,"originRegulated":false,"singlePrice":{"price":1339,"promoId":"129998519","comparativePrice":{"pricePerUnit":223,"unitQuantity":1,"unitQuantityUom":"ea","measureDescription":"ea"}},"promotions":[{"promoId":"129998519","rewardValue":1339,"decal":"6000","sapType":"BASE","rewardType":"NEW_PRICE","threshold":1,"limit":0,"multiProducts":false,"cardDependencyFlag":false,"bestPromotion":true,"comparativePrice":{"pricePerUnit":223,"unitQuantity":1,"unitQuantityUom":"ea","measureDescription":"ea"}}],"facets":[{"itemCode":"00020012","itemDescription":"Non-GMO"}],"categoryTrees":[{"level0":"Fridge, Deli & Eggs","level1":"Chilled Soups & Ready Meals","level2":"Pies, Sausage Rolls & Quiches"},{"level0":"Snacks, Treats & Easy Meals","level1":"Easy Meals & Meal Kits","level2":"Family Pies & Quiches"}],"cateredFlag":false,"algoliaAnalytics":{"searchQueryID":"fcffc596e573a665e16562ef1d1ba03b","searchPosition":254},"boughtBefore":false},{"productId":"5010411-EA-000","brand":"Chesdale","name":"Cheddar Cheese Slices","displayName":"250g","availability":["IN_STORE","ONLINE"],"saleType":"UNITS","restrictedFlag":false,"liquorFlag":false,"tobaccoFlag":false,"originRegulated":false,"singlePrice":{"price":299,"comparativePrice":{"pricePerUnit":120,"unitQuantity":100,"unitQuantityUom":"g","measureDescription":"100g"}},"facets":[{"itemCode":"00020012","itemDescription":"Non-GMO"}],"categoryTrees":[{"level0":"Fridge, Deli & Eggs","level1":"Cheese","level2":"Sliced Cheese"}],"cateredFlag":false,"algoliaAnalytics":{"searchQueryID":"fcffc596e573a665e16562ef1d1ba03b","searchPosition":255},"boughtBefore":false},{"productId":"5030339-EA-000","brand":"Pams","name":"Chickpeas In Brine","displayName":"400g","availability":["IN_STORE","ONLINE"],"saleType":"UNITS","restrictedFlag":false,"liquorFlag":false,"tobaccoFlag":false,"originRegulated":false,"singlePrice":{"price":89,"comparativePrice":{"pricePerUnit":223,"unitQuantity":1,"unitQuantityUom":"kg","measureDescription":"1kg"}},"facets":[{"itemCode":"00020009","itemDescription":"Low Fat"},{"itemCode":"00020012","itemDescription":"Non-GMO"},{"itemCode":"00020007","itemDescription":"Dairy Free"},{"itemCode":"00020013","itemDescription":"Vegan"},{"itemCode":"00020011","itemDescription":"Low Sugar"},{"itemCode":"00020014","itemDescription":"Vegetarian"}],"categoryTrees":[{"level0":"Pantry","level1":"Canned Foods & Packets","level2":"Chickpeas, Lentils & Beans"},{"level0":"Featured","level1":"Pams","level2":"Canned & Prepared Foods"}],"cateredFlag":false,"algoliaAnalytics":{"searchQueryID":"fcffc596e573a665e16562ef1d1ba03b","searchPosition":256},"boughtBefore":false},{"productId":"5115633-KGM-000","name":"NZ Skinless Chicken Thigh Fillet","displayName":"kg","availability":["IN_STORE","ONLINE"],"saleType":"WEIGHT","restrictedFlag":false,"liquorFlag":false,"tobaccoFlag":false,"originRegulated":true,"originStatement":"Product of New Zealand","variableWeight":{"unitOfMeasure":"g","averageWeight":190,"minOrderQuantity":500,"stepSize":100,"stepUnitOfMeasure":"g"},"singlePrice":{"price":2399,"comparativePrice":{"pricePerUnit":2399,"unitQuantity":1,"unitQuantityUom":"kg","measureDescription":"1kg"}},"categoryTrees":[{"level0":"Meat, Poultry & Seafood","level1":"Chicken & Poultry","level2":"Chicken Breast, Thighs & Tenders"}],"cateredFlag":false,"algoliaAnalytics":{"searchQueryID":"fcffc596e573a665e16562ef1d1ba03b","searchPosition":257},"boughtBefore":false},{"productId":"5011000-EA-000","brand":"Peckish","name":"Sour Cream & Chives Flavoured Rice Crackers","displayName":"90g","availability":["IN_STORE","ONLINE"],"saleType":"UNITS","restrictedFlag":false,"liquorFlag":false,"tobaccoFlag":false,"originRegulated":false,"singlePrice":{"price":179,"comparativePrice":{"pricePerUnit":199,"unitQuantity":100,"unitQuantityUom":"g","measureDescription":"100g"}},"facets":[{"itemCode":"00020004","itemDescription":"Gluten Free"},{"itemCode":"00020014","itemDescription":"Vegetarian"}],"categoryTrees":[{"level0":"Pantry","level1":"Biscuits & Crackers","level2":"Rice Crackers"},{"level0":"Featured","level1":"Back to School","level2":"Lunchbox Snacks","webContent":{"badgeSmallUrl":"","badgeMediumUrl":"","badgeLargeUrl":"","title":"","subTitle":"","campaignUrl":""},"appContent":{"badgeSmallUrl":"","badgeMediumUrl":"","badgeLargeUrl":"","title":"","subTitle":"","campaignUrl":""}}],"cateredFlag":false,"algoliaAnalytics":{"searchQueryID":"fcffc596e573a665e16562ef1d1ba03b","searchPosition":258},"boughtBefore":false},{"productId":"5011027-EA-000","brand":"Arnott's Shapes","name":"Originals Cheese & Bacon Crackers","displayName":"180g","availability":["IN_STORE","ONLINE"],"saleType":"UNITS","restrictedFlag":false,"liquorFlag":false,"tobaccoFlag":false,"originRegulated":false,"singlePrice":{"price":279,"promoId":"130010292","comparativePrice":{"pricePerUnit":155,"unitQuantity":100,"unitQuantityUom":"g","measureDescription":"100g"}},"promotions":[{"promoId":"130010292","rewardValue":279,"decal":"6000","sapType":"BASE","rewardType":"NEW_PRICE","threshold":1,"limit":0,"multiProducts":false,"cardDependencyFlag":false,"bestPromotion":true,"comparativePrice":{"pricePerUnit":155,"unitQuantity":100,"unitQuantityUom":"g","measureDescription":"100g"}}],"facets":[{"itemCode":"00020012","itemDescription":"Non-GMO"}],"categoryTrees":[{"level0":"Pantry","level1":"Biscuits & Crackers","level2":"Crackers"},{"level0":"Featured","level1":"Back to School","level2":"Lunchbox Snacks","webContent":{"badgeSmallUrl":"","badgeMediumUrl":"","badgeLargeUrl":"","title":"","subTitle":"","campaignUrl":""},"appContent":{"badgeSmallUrl":"","badgeMediumUrl":"","badgeLargeUrl":"","title":"","subTitle":"","campaignUrl":""}}],"cateredFlag":false,"algoliaAnalytics":{"searchQueryID":"fcffc596e573a665e16562ef1d1ba03b","searchPosition":259},"boughtBefore":false},{"productId":"5003073-EA-000","brand":"Sealord","name":"Smoked Flavour Tuna","displayName":"185g","availability":["IN_STORE","ONLINE"],"saleType":"UNITS","restrictedFlag":false,"liquorFlag":false,"tobaccoFlag":false,"originRegulated":false,"marketingInitiatives":[{"initiativeCode":"AOV"}],"singlePrice":{"price":289,"promoId":"129988687","comparativePrice":{"pricePerUnit":1562,"unitQuantity":1,"unitQuantityUom":"kg","measureDescription":"1kg"}},"promotions":[{"promoId":"129988691","rewardValue":500,"decal":"6000","sapType":"LAYERED","rewardType":"NEW_PRICE","threshold":2,"multiProducts":true,"cardDependencyFlag":false,"bestPromotion":true,"comparativePrice":{"pricePerUnit":1351,"unitQuantity":1,"unitQuantityUom":"kg","measureDescription":"1kg"}}],"facets":[{"itemCode":"00020012","itemDescription":"Non-GMO"}],"categoryTrees":[{"level0":"Pantry","level1":"Canned Foods & Packets","level2":"Canned Tuna"},{"level0":"$5 Week 1","level1":"$5 Week 1","level2":"Deals","webContent":{"badgeSmallUrl":"","badgeMediumUrl":"","badgeLargeUrl":"","title":"","subTitle":"","campaignUrl":""},"appContent":{"badgeSmallUrl":"","badgeMediumUrl":"","badgeLargeUrl":"","title":"","subTitle":"","campaignUrl":""}}],"cateredFlag":false,"algoliaAnalytics":{"searchQueryID":"fcffc596e573a665e16562ef1d1ba03b","searchPosition":260},"boughtBefore":false},{"productId":"5027047-EA-000","brand":"Meadowlea","name":"Buttery Spread","displayName":"500g","availability":["IN_STORE","ONLINE"],"saleType":"UNITS","restrictedFlag":false,"liquorFlag":false,"tobaccoFlag":false,"originRegulated":false,"singlePrice":{"price":339,"comparativePrice":{"pricePerUnit":68,"unitQuantity":100,"unitQuantityUom":"g","measureDescription":"100g"}},"facets":[{"itemCode":"00020012","itemDescription":"Non-GMO"}],"categoryTrees":[{"level0":"Fridge, Deli & Eggs","level1":"Butter & Margarine","level2":"Margarine & Spreads"}],"cateredFlag":false,"algoliaAnalytics":{"searchQueryID":"fcffc596e573a665e16562ef1d1ba03b","searchPosition":261},"boughtBefore":false},{"productId":"5010699-EA-000","brand":"Powerade","name":"Mountain Blast Sports Drink","displayName":"750ml","availability":["IN_STORE","ONLINE"],"saleType":"UNITS","restrictedFlag":false,"liquorFlag":false,"tobaccoFlag":false,"originRegulated":false,"singlePrice":{"price":299,"comparativePrice":{"pricePerUnit":399,"unitQuantity":1,"unitQuantityUom":"L","measureDescription":"1L"}},"facets":[{"itemCode":"00020012","itemDescription":"Non-GMO"}],"categoryTrees":[{"level0":"Hot & Cold Drinks","level1":"Sports & Energy Drinks","level2":"Sports Hydration Drinks"}],"cateredFlag":false,"algoliaAnalytics":{"searchQueryID":"fcffc596e573a665e16562ef1d1ba03b","searchPosition":262},"boughtBefore":false},{"productId":"5092719-EA-000","brand":"Pams Value","name":"Baked Beans In Tomato Sauce","displayName":"400g","availability":["IN_STORE","ONLINE"],"saleType":"UNITS","restrictedFlag":false,"liquorFlag":false,"tobaccoFlag":false,"originRegulated":false,"singlePrice":{"price":69,"comparativePrice":{"pricePerUnit":17,"unitQuantity":100,"unitQuantityUom":"g","measureDescription":"100g"}},"facets":[{"itemCode":"00020007","itemDescription":"Dairy Free"},{"itemCode":"00020012","itemDescription":"Non-GMO"}],"categoryTrees":[{"level0":"Pantry","level1":"Canned Foods & Packets","level2":"Baked Beans & Spaghetti"}],"cateredFlag":false,"algoliaAnalytics":{"searchQueryID":"fcffc596e573a665e16562ef1d1ba03b","searchPosition":263},"boughtBefore":false},{"productId":"5039354-EA-000","brand":"Morning Harvest","name":"Colony Size 6 Eggs","displayName":"12pk","availability":["IN_STORE","ONLINE"],"saleType":"UNITS","restrictedFlag":false,"liquorFlag":false,"tobaccoFlag":false,"originRegulated":false,"singlePrice":{"price":649,"promoId":"130010353","comparativePrice":{"pricePerUnit":54,"unitQuantity":1,"unitQuantityUom":"ea","measureDescription":"ea"}},"promotions":[{"promoId":"130010353","rewardValue":649,"decal":"6000","sapType":"BASE","rewardType":"NEW_PRICE","threshold":1,"limit":0,"multiProducts":false,"cardDependencyFlag":false,"bestPromotion":true,"comparativePrice":{"pricePerUnit":54,"unitQuantity":1,"unitQuantityUom":"ea","measureDescription":"ea"}}],"categoryTrees":[{"level0":"Fridge, Deli & Eggs","level1":"Eggs","level2":"Barn Eggs"}],"cateredFlag":false,"algoliaAnalytics":{"searchQueryID":"fcffc596e573a665e16562ef1d1ba03b","searchPosition":264},"boughtBefore":false},{"productId":"5014646-EA-000","brand":"Sealord","name":"Lemon Pepper Flavour Tuna","displayName":"185g","availability":["IN_STORE","ONLINE"],"saleType":"UNITS","restrictedFlag":false,"liquorFlag":false,"tobaccoFlag":false,"originRegulated":false,"singlePrice":{"price":289,"promoId":"129988687","comparativePrice":{"pricePerUnit":1562,"unitQuantity":1,"unitQuantityUom":"kg","measureDescription":"1kg"}},"promotions":[{"promoId":"129988691","rewardValue":500,"decal":"6000","sapType":"LAYERED","rewardType":"NEW_PRICE","threshold":2,"multiProducts":true,"cardDependencyFlag":false,"bestPromotion":true,"comparativePrice":{"pricePerUnit":1351,"unitQuantity":1,"unitQuantityUom":"kg","measureDescription":"1kg"}}],"facets":[{"itemCode":"00020012","itemDescription":"Non-GMO"}],"categoryTrees":[{"level0":"Pantry","level1":"Canned Foods & Packets","level2":"Canned Tuna"},{"level0":"$5 Week 1","level1":"$5 Week 1","level2":"Deals","webContent":{"badgeSmallUrl":"","badgeMediumUrl":"","badgeLargeUrl":"","title":"","subTitle":"","campaignUrl":""},"appContent":{"badgeSmallUrl":"","badgeMediumUrl":"","badgeLargeUrl":"","title":"","subTitle":"","campaignUrl":""}}],"cateredFlag":false,"algoliaAnalytics":{"searchQueryID":"fcffc596e573a665e16562ef1d1ba03b","searchPosition":265},"boughtBefore":false},{"productId":"5003789-EA-000","brand":"Pams","name":"Mixed Veges","displayName":"1kg","availability":["IN_STORE","ONLINE"],"saleType":"UNITS","restrictedFlag":false,"liquorFlag":false,"tobaccoFlag":false,"originRegulated":false,"singlePrice":{"price":329,"comparativePrice":{"pricePerUnit":329,"unitQuantity":1,"unitQuantityUom":"kg","measureDescription":"1kg"}},"facets":[{"itemCode":"00020012","itemDescription":"Non-GMO"},{"itemCode":"00020009","itemDescription":"Low Fat"},{"itemCode":"00020007","itemDescription":"Dairy Free"}],"categoryTrees":[{"level0":"Frozen","level1":"Frozen Vegetables","level2":"Frozen Mixed Vegetables"},{"level0":"Featured","level1":"Pams","level2":"Frozen Foods"}],"cateredFlag":false,"algoliaAnalytics":{"searchQueryID":"fcffc596e573a665e16562ef1d1ba03b","searchPosition":266},"boughtBefore":false},{"productId":"5002635-EA-000","brand":"Diamond","name":"Macaroni Pasta","displayName":"500g","availability":["IN_STORE","ONLINE"],"saleType":"UNITS","restrictedFlag":false,"liquorFlag":false,"tobaccoFlag":false,"originRegulated":false,"singlePrice":{"price":229,"promoId":"129964657","comparativePrice":{"pricePerUnit":46,"unitQuantity":100,"unitQuantityUom":"g","measureDescription":"100g"}},"promotions":[{"promoId":"129964657","rewardValue":229,"decal":"6000","sapType":"BASE","rewardType":"NEW_PRICE","threshold":1,"limit":0,"multiProducts":false,"cardDependencyFlag":false,"bestPromotion":true,"comparativePrice":{"pricePerUnit":46,"unitQuantity":100,"unitQuantityUom":"g","measureDescription":"100g"}}],"categoryTrees":[{"level0":"Pantry","level1":"Pasta, Rice & Noodles","level2":"Dried Pasta"}],"cateredFlag":false,"algoliaAnalytics":{"searchQueryID":"fcffc596e573a665e16562ef1d1ba03b","searchPosition":267},"boughtBefore":false},{"productId":"5036440-EA-000","brand":"Doritos","name":"Thai Sweet Chilli Corn Chips","displayName":"170g","availability":["IN_STORE","ONLINE"],"saleType":"UNITS","restrictedFlag":false,"liquorFlag":false,"tobaccoFlag":false,"originRegulated":false,"singlePrice":{"price":309,"comparativePrice":{"pricePerUnit":182,"unitQuantity":100,"unitQuantityUom":"g","measureDescription":"100g"}},"facets":[{"itemCode":"00020012","itemDescription":"Non-GMO"}],"categoryTrees":[{"level0":"Snacks, Treats & Easy Meals","level1":"Chips, Nuts & Snacks","level2":"Corn Chips & Salsa"},{"level0":"Pantry","level1":"Chips, Nuts & Snacks","level2":"Corn Chips & Salsa"}],"cateredFlag":false,"algoliaAnalytics":{"searchQueryID":"fcffc596e573a665e16562ef1d1ba03b","searchPosition":268},"boughtBefore":false},{"productId":"5014608-EA-000","brand":"Meadow Fresh","name":"Calci Strong Cho-O-Block Flavoured Milk","displayName":"250ml","availability":["IN_STORE","ONLINE"],"saleType":"UNITS","restrictedFlag":false,"liquorFlag":false,"tobaccoFlag":false,"originRegulated":false,"singlePrice":{"price":109,"promoId":"129965179","comparativePrice":{"pricePerUnit":436,"unitQuantity":1,"unitQuantityUom":"L","measureDescription":"1L"}},"promotions":[{"promoId":"129965487","rewardValue":500,"decal":"6000","sapType":"LAYERED","rewardType":"NEW_PRICE","threshold":5,"multiProducts":true,"cardDependencyFlag":false,"bestPromotion":true,"comparativePrice":{"pricePerUnit":400,"unitQuantity":1,"unitQuantityUom":"L","measureDescription":"1L"}}],"facets":[{"itemCode":"00020012","itemDescription":"Non-GMO"}],"categoryTrees":[{"level0":"Fridge, Deli & Eggs","level1":"Milk","level2":"Flavoured Milk & Iced Coffee"}],"cateredFlag":false,"algoliaAnalytics":{"searchQueryID":"fcffc596e573a665e16562ef1d1ba03b","searchPosition":269},"boughtBefore":false},{"productId":"5004502-EA-000","brand":"Ingham's","name":"Frozen Whole Chicken","displayName":"ea","availability":["IN_STORE","ONLINE"],"saleType":"UNITS","restrictedFlag":false,"liquorFlag":false,"tobaccoFlag":false,"originRegulated":true,"originStatement":"Product of New Zealand","singlePrice":{"price":699,"comparativePrice":{"pricePerUnit":822,"unitQuantity":1,"unitQuantityUom":"kg","measureDescription":"1kg"}},"facets":[{"itemCode":"00020007","itemDescription":"Dairy Free"}],"categoryTrees":[{"level0":"Frozen","level1":"Frozen Chicken & Meat","level2":"Frozen Whole Chicken & Portions"}],"cateredFlag":false,"algoliaAnalytics":{"searchQueryID":"fcffc596e573a665e16562ef1d1ba03b","searchPosition":270},"boughtBefore":false},{"productId":"5012061-EA-000","brand":"Tip Top","name":"Supersoft Wholemeal Toast Bread","displayName":"700g","availability":["IN_STORE","ONLINE"],"saleType":"UNITS","restrictedFlag":false,"liquorFlag":false,"tobaccoFlag":false,"originRegulated":false,"singlePrice":{"price":389,"comparativePrice":{"pricePerUnit":56,"unitQuantity":100,"unitQuantityUom":"g","measureDescription":"100g"}},"categoryTrees":[{"level0":"Bakery","level1":"Sliced & Packaged Bread","level2":"Wholemeal, Grain & Seeded Bread"}],"cateredFlag":false,"algoliaAnalytics":{"searchQueryID":"fcffc596e573a665e16562ef1d1ba03b","searchPosition":271},"boughtBefore":false},{"productId":"5113040-KGM-000","name":"NZ Chicken Tenderloins","displayName":"kg","availability":["IN_STORE","ONLINE"],"saleType":"WEIGHT","restrictedFlag":false,"liquorFlag":false,"tobaccoFlag":false,"originRegulated":true,"originStatement":"Product of New Zealand","variableWeight":{"minOrderQuantity":400,"stepSize":100,"stepUnitOfMeasure":"g"},"singlePrice":{"price":1999,"comparativePrice":{"pricePerUnit":1999,"unitQuantity":1,"unitQuantityUom":"kg","measureDescription":"1kg"}},"categoryTrees":[{"level0":"Meat, Poultry & Seafood","level1":"Chicken & Poultry","level2":"Chicken Breast, Thighs & Tenders"}],"cateredFlag":false,"algoliaAnalytics":{"searchQueryID":"fcffc596e573a665e16562ef1d1ba03b","searchPosition":272},"boughtBefore":false},{"productId":"5002644-EA-000","brand":"SunRice","name":"Australian Medium Grain White Rice","displayName":"1kg","availability":["IN_STORE","ONLINE"],"saleType":"UNITS","restrictedFlag":false,"liquorFlag":false,"tobaccoFlag":false,"originRegulated":false,"singlePrice":{"price":359,"comparativePrice":{"pricePerUnit":36,"unitQuantity":100,"unitQuantityUom":"g","measureDescription":"100g"}},"facets":[{"itemCode":"00020012","itemDescription":"Non-GMO"},{"itemCode":"00020004","itemDescription":"Gluten Free"}],"categoryTrees":[{"level0":"Pantry","level1":"Pasta, Rice & Noodles","level2":"Rice"}],"cateredFlag":false,"algoliaAnalytics":{"searchQueryID":"fcffc596e573a665e16562ef1d1ba03b","searchPosition":273},"boughtBefore":false},{"productId":"5003683-EA-000","brand":"Pams","name":"Soft Brown Sugar","displayName":"1kg","availability":["IN_STORE","ONLINE"],"saleType":"UNITS","restrictedFlag":false,"liquorFlag":false,"tobaccoFlag":false,"originRegulated":false,"singlePrice":{"price":199,"comparativePrice":{"pricePerUnit":20,"unitQuantity":100,"unitQuantityUom":"g","measureDescription":"100g"}},"facets":[{"itemCode":"00020002","itemDescription":"Halal"},{"itemCode":"00020012","itemDescription":"Non-GMO"},{"itemCode":"00020007","itemDescription":"Dairy Free"}],"categoryTrees":[{"level0":"Pantry","level1":"Baking Supplies & Sugar","level2":"Sugar"},{"level0":"Featured","level1":"Pams","level2":"Baking Supplies & Sugar"}],"cateredFlag":false,"algoliaAnalytics":{"searchQueryID":"fcffc596e573a665e16562ef1d1ba03b","searchPosition":274},"boughtBefore":false},{"productId":"5004741-EA-000","brand":"Pams","name":"Barbecue Flavoured Rice Crackers","displayName":"100g","availability":["IN_STORE","ONLINE"],"saleType":"UNITS","restrictedFlag":false,"liquorFlag":false,"tobaccoFlag":false,"originRegulated":false,"singlePrice":{"price":99,"comparativePrice":{"pricePerUnit":99,"unitQuantity":100,"unitQuantityUom":"g","measureDescription":"100g"}},"facets":[{"itemCode":"00020004","itemDescription":"Gluten Free"},{"itemCode":"00020012","itemDescription":"Non-GMO"}],"categoryTrees":[{"level0":"Pantry","level1":"Biscuits & Crackers","level2":"Rice Crackers"},{"level0":"Featured","level1":"Pams","level2":"Biscuits & Crackers"},{"level0":"Featured","level1":"Back to School","level2":"Lunchbox Snacks","webContent":{"badgeSmallUrl":"","badgeMediumUrl":"","badgeLargeUrl":"","title":"","subTitle":"","campaignUrl":""},"appContent":{"badgeSmallUrl":"","badgeMediumUrl":"","badgeLargeUrl":"","title":"","subTitle":"","campaignUrl":""}}],"cateredFlag":false,"algoliaAnalytics":{"searchQueryID":"fcffc596e573a665e16562ef1d1ba03b","searchPosition":275},"boughtBefore":false},{"productId":"5249645-EA-000","brand":"Cadbury Dairy Milk","name":"Caramello Chocolate Block","displayName":"180g","availability":["IN_STORE","ONLINE"],"saleType":"UNITS","restrictedFlag":false,"liquorFlag":false,"tobaccoFlag":false,"originRegulated":false,"singlePrice":{"price":329,"promoId":"130003267","comparativePrice":{"pricePerUnit":183,"unitQuantity":100,"unitQuantityUom":"g","measureDescription":"100g"}},"promotions":[{"promoId":"130003267","rewardValue":329,"decal":"6000","sapType":"BASE","rewardType":"NEW_PRICE","threshold":1,"limit":0,"multiProducts":false,"cardDependencyFlag":false,"bestPromotion":true,"comparativePrice":{"pricePerUnit":183,"unitQuantity":100,"unitQuantityUom":"g","measureDescription":"100g"}}],"facets":[{"itemCode":"00020012","itemDescription":"Non-GMO"}],"categoryTrees":[{"level0":"Snacks, Treats & Easy Meals","level1":"Chocolate, Sweets & Chewing Gum","level2":"Chocolate Blocks"},{"level0":"Pantry","level1":"Chocolate, Sweets & Chewing Gum","level2":"Chocolate Blocks"}],"cateredFlag":false,"algoliaAnalytics":{"searchQueryID":"fcffc596e573a665e16562ef1d1ba03b","searchPosition":276},"boughtBefore":false},{"productId":"5014564-EA-000","brand":"Ornelle","name":"Camembert Cheese","displayName":"110g","availability":["IN_STORE","ONLINE"],"saleType":"UNITS","restrictedFlag":false,"liquorFlag":false,"tobaccoFlag":false,"originRegulated":false,"singlePrice":{"price":379,"comparativePrice":{"pricePerUnit":345,"unitQuantity":100,"unitQuantityUom":"g","measureDescription":"100g"}},"facets":[{"itemCode":"00020012","itemDescription":"Non-GMO"}],"categoryTrees":[{"level0":"Fridge, Deli & Eggs","level1":"Cheese","level2":"Brie & Camembert"}],"cateredFlag":false,"algoliaAnalytics":{"searchQueryID":"fcffc596e573a665e16562ef1d1ba03b","searchPosition":277},"boughtBefore":false},{"productId":"5092715-EA-000","brand":"Pams Value","name":"Whole Peeled Tomatoes In Juice","displayName":"400g","availability":["IN_STORE","ONLINE"],"saleType":"UNITS","restrictedFlag":false,"liquorFlag":false,"tobaccoFlag":false,"originRegulated":false,"singlePrice":{"price":69,"comparativePrice":{"pricePerUnit":173,"unitQuantity":1,"unitQuantityUom":"kg","measureDescription":"1kg"}},"facets":[{"itemCode":"00020007","itemDescription":"Dairy Free"},{"itemCode":"00020012","itemDescription":"Non-GMO"}],"categoryTrees":[{"level0":"Pantry","level1":"Canned Foods & Packets","level2":"Canned Tomatoes"}],"cateredFlag":false,"algoliaAnalytics":{"searchQueryID":"fcffc596e573a665e16562ef1d1ba03b","searchPosition":278},"boughtBefore":false},{"productId":"5025424-EA-000","brand":"Anchor","name":"Calci + Trim Milk","displayName":"1l","availability":["IN_STORE","ONLINE"],"saleType":"UNITS","restrictedFlag":false,"liquorFlag":false,"tobaccoFlag":false,"originRegulated":false,"singlePrice":{"price":350,"comparativePrice":{"pricePerUnit":350,"unitQuantity":1,"unitQuantityUom":"L","measureDescription":"1L"}},"facets":[{"itemCode":"00020009","itemDescription":"Low Fat"},{"itemCode":"00020012","itemDescription":"Non-GMO"}],"categoryTrees":[{"level0":"Fridge, Deli & Eggs","level1":"Milk","level2":"Fresh Milk"}],"cateredFlag":false,"algoliaAnalytics":{"searchQueryID":"fcffc596e573a665e16562ef1d1ba03b","searchPosition":279},"boughtBefore":false},{"productId":"5037035-EA-000","brand":"Anchor","name":"Uno Squeezie Smooth Mixed Berry Yoghurt","displayName":"100g","availability":["IN_STORE","ONLINE"],"saleType":"UNITS","restrictedFlag":false,"liquorFlag":false,"tobaccoFlag":false,"originRegulated":false,"singlePrice":{"price":229,"comparativePrice":{"pricePerUnit":229,"unitQuantity":100,"unitQuantityUom":"g","measureDescription":"100g"}},"facets":[{"itemCode":"00020009","itemDescription":"Low Fat"},{"itemCode":"00020012","itemDescription":"Non-GMO"}],"categoryTrees":[{"level0":"Fridge, Deli & Eggs","level1":"Yoghurt","level2":"Yoghurt Multi Packs & Single Serve"},{"level0":"Snacks, Treats & Easy Meals","level1":"Lunchbox Snacks","level2":"Yoghurt Pouches & Single Serve"},{"level0":"Featured","level1":"Back to School","level2":"Lunchbox Snacks","webContent":{"badgeSmallUrl":"","badgeMediumUrl":"","badgeLargeUrl":"","title":"","subTitle":"","campaignUrl":""},"appContent":{"badgeSmallUrl":"","badgeMediumUrl":"","badgeLargeUrl":"","title":"","subTitle":"","campaignUrl":""}}],"cateredFlag":false,"algoliaAnalytics":{"searchQueryID":"fcffc596e573a665e16562ef1d1ba03b","searchPosition":280},"boughtBefore":false},{"productId":"5001551-EA-000","brand":"L&P","name":"Soft Drink","displayName":"1.5l","availability":["IN_STORE","ONLINE"],"saleType":"UNITS","restrictedFlag":false,"liquorFlag":false,"tobaccoFlag":false,"originRegulated":false,"singlePrice":{"price":150,"comparativePrice":{"pricePerUnit":100,"unitQuantity":1,"unitQuantityUom":"L","measureDescription":"1L"}},"categoryTrees":[{"level0":"Hot & Cold Drinks","level1":"Soft Drinks & Mixers","level2":"Other Soft Drinks"}],"cateredFlag":false,"algoliaAnalytics":{"searchQueryID":"fcffc596e573a665e16562ef1d1ba03b","searchPosition":281},"boughtBefore":false},{"productId":"5004634-EA-000","brand":"Nestle","name":"Milo Chocolate Malt Powder Hot or Cold Drink Bag","displayName":"310g","availability":["IN_STORE","ONLINE"],"saleType":"UNITS","restrictedFlag":false,"liquorFlag":false,"tobaccoFlag":false,"originRegulated":false,"singlePrice":{"price":639,"promoId":"130043630","comparativePrice":{"pricePerUnit":206,"unitQuantity":100,"unitQuantityUom":"g","measureDescription":"100g"}},"promotions":[{"promoId":"130043630","rewardValue":639,"decal":"6000","sapType":"BASE","rewardType":"NEW_PRICE","threshold":1,"limit":0,"multiProducts":false,"cardDependencyFlag":false,"bestPromotion":true,"comparativePrice":{"pricePerUnit":206,"unitQuantity":100,"unitQuantityUom":"g","measureDescription":"100g"}}],"facets":[{"itemCode":"00020002","itemDescription":"Halal"}],"categoryTrees":[{"level0":"Hot & Cold Drinks","level1":"Hot Chocolate & Milk Drinks","level2":"Drinking Chocolate & Milk Drink Mixes"}],"cateredFlag":false,"algoliaAnalytics":{"searchQueryID":"fcffc596e573a665e16562ef1d1ba03b","searchPosition":282},"boughtBefore":false},{"productId":"5018448-EA-000","brand":"Medallion","name":"Middle Bacon","displayName":"800g","availability":["IN_STORE","ONLINE"],"saleType":"UNITS","restrictedFlag":false,"liquorFlag":false,"tobaccoFlag":false,"originRegulated":true,"originStatement":"Made in New Zealand using pork from pigs raised in one or more of the countries: Australia, Belgium, Denmark, Finland, France, Germany, Ireland, Netherlands, Poland, UK, Spain, Sweden.","singlePrice":{"price":1299,"promoId":"129998450","comparativePrice":{"pricePerUnit":1624,"unitQuantity":1,"unitQuantityUom":"kg","measureDescription":"1kg"}},"promotions":[{"promoId":"129998450","rewardValue":1299,"decal":"6000","sapType":"BASE","rewardType":"NEW_PRICE","threshold":1,"limit":0,"multiProducts":false,"cardDependencyFlag":false,"bestPromotion":true,"comparativePrice":{"pricePerUnit":1624,"unitQuantity":1,"unitQuantityUom":"kg","measureDescription":"1kg"}}],"categoryTrees":[{"level0":"Fridge, Deli & Eggs","level1":"Deli Meats & Smoked Fish","level2":"Bacon"},{"level0":"Meat, Poultry & Seafood","level1":"Deli Meats","level2":"Bacon"}],"cateredFlag":false,"algoliaAnalytics":{"searchQueryID":"fcffc596e573a665e16562ef1d1ba03b","searchPosition":283},"boughtBefore":false},{"productId":"5011077-EA-000","brand":"Ploughmans Bakery","name":"Rustic White Bread","displayName":"750g","availability":["IN_STORE","ONLINE"],"saleType":"UNITS","restrictedFlag":false,"liquorFlag":false,"tobaccoFlag":false,"originRegulated":false,"singlePrice":{"price":409,"comparativePrice":{"pricePerUnit":55,"unitQuantity":100,"unitQuantityUom":"g","measureDescription":"100g"}},"facets":[{"itemCode":"00020012","itemDescription":"Non-GMO"}],"categoryTrees":[{"level0":"Bakery","level1":"Sliced & Packaged Bread","level2":"White Bread"}],"cateredFlag":false,"algoliaAnalytics":{"searchQueryID":"fcffc596e573a665e16562ef1d1ba03b","searchPosition":284},"boughtBefore":false},{"productId":"5002760-EA-000","brand":"Chelsea","name":"White Sugar","displayName":"1.5kg","availability":["IN_STORE","ONLINE"],"saleType":"UNITS","restrictedFlag":false,"liquorFlag":false,"tobaccoFlag":false,"originRegulated":false,"singlePrice":{"price":329,"comparativePrice":{"pricePerUnit":22,"unitQuantity":100,"unitQuantityUom":"g","measureDescription":"100g"}},"facets":[{"itemCode":"00020012","itemDescription":"Non-GMO"}],"categoryTrees":[{"level0":"Pantry","level1":"Baking Supplies & Sugar","level2":"Sugar"}],"cateredFlag":false,"algoliaAnalytics":{"searchQueryID":"fcffc596e573a665e16562ef1d1ba03b","searchPosition":285},"boughtBefore":false},{"productId":"5002802-EA-000","brand":"Sanitarium","name":"Skippy Cornflakes","displayName":"500g","availability":["IN_STORE","ONLINE"],"saleType":"UNITS","restrictedFlag":false,"liquorFlag":false,"tobaccoFlag":false,"originRegulated":false,"singlePrice":{"price":389,"promoId":"129968418","comparativePrice":{"pricePerUnit":78,"unitQuantity":100,"unitQuantityUom":"g","measureDescription":"100g"}},"promotions":[{"promoId":"129968418","rewardValue":389,"decal":"6000","sapType":"BASE","rewardType":"NEW_PRICE","threshold":1,"limit":0,"multiProducts":false,"cardDependencyFlag":false,"bestPromotion":true,"comparativePrice":{"pricePerUnit":78,"unitQuantity":100,"unitQuantityUom":"g","measureDescription":"100g"}}],"facets":[{"itemCode":"00020012","itemDescription":"Non-GMO"},{"itemCode":"00020009","itemDescription":"Low Fat"}],"categoryTrees":[{"level0":"Pantry","level1":"Breakfast Cereals","level2":"Everyday Cereal"}],"cateredFlag":false,"algoliaAnalytics":{"searchQueryID":"fcffc596e573a665e16562ef1d1ba03b","searchPosition":286},"boughtBefore":false},{"productId":"5001769-EA-000","brand":"Olivani","name":"Lite Olive Oil Spread","displayName":"500g","availability":["IN_STORE","ONLINE"],"saleType":"UNITS","restrictedFlag":false,"liquorFlag":false,"tobaccoFlag":false,"originRegulated":false,"singlePrice":{"price":549,"comparativePrice":{"pricePerUnit":110,"unitQuantity":100,"unitQuantityUom":"g","measureDescription":"100g"}},"facets":[{"itemCode":"00020014","itemDescription":"Vegetarian"},{"itemCode":"00020012","itemDescription":"Non-GMO"},{"itemCode":"00020007","itemDescription":"Dairy Free"},{"itemCode":"00020013","itemDescription":"Vegan"}],"categoryTrees":[{"level0":"Fridge, Deli & Eggs","level1":"Butter & Margarine","level2":"Dairy Free Spreads"},{"level0":"Featured","level1":"Back to School","level2":"Back to School Lunches","webContent":{"badgeSmallUrl":"","badgeMediumUrl":"","badgeLargeUrl":"","title":"","subTitle":"","campaignUrl":""},"appContent":{"badgeSmallUrl":"","badgeMediumUrl":"","badgeLargeUrl":"","title":"","subTitle":"","campaignUrl":""}}],"cateredFlag":false,"algoliaAnalytics":{"searchQueryID":"fcffc596e573a665e16562ef1d1ba03b","searchPosition":287},"boughtBefore":false},{"productId":"5033743-EA-000","brand":"Nestle","name":"Kit Kat Chunky Milk Chocolate Bar","displayName":"48g","availability":["IN_STORE","ONLINE"],"saleType":"UNITS","restrictedFlag":false,"liquorFlag":false,"tobaccoFlag":false,"originRegulated":false,"singlePrice":{"price":219,"comparativePrice":{"pricePerUnit":456,"unitQuantity":100,"unitQuantityUom":"g","measureDescription":"100g"}},"facets":[{"itemCode":"00020014","itemDescription":"Vegetarian"}],"categoryTrees":[{"level0":"Snacks, Treats & Easy Meals","level1":"Chocolate, Sweets & Chewing Gum","level2":"Single Chocolate Bars & Sweets"},{"level0":"Pantry","level1":"Chocolate, Sweets & Chewing Gum","level2":"Single Chocolate Bars & Sweets"}],"cateredFlag":false,"algoliaAnalytics":{"searchQueryID":"fcffc596e573a665e16562ef1d1ba03b","searchPosition":288},"boughtBefore":false},{"productId":"5039953-KGM-000","name":"Beetroot","displayName":"kg","availability":["IN_STORE","ONLINE"],"saleType":"BOTH","restrictedFlag":false,"liquorFlag":false,"tobaccoFlag":false,"originRegulated":true,"originStatement":"Product of New Zealand","variableWeight":{"unitOfMeasure":"g","averageWeight":270,"minOrderQuantity":200,"stepSize":100,"stepUnitOfMeasure":"g"},"singlePrice":{"price":499,"comparativePrice":{"pricePerUnit":499,"unitQuantity":1,"unitQuantityUom":"kg","measureDescription":"1kg"}},"categoryTrees":[{"level0":"Fruit & Vegetables","level1":"Vegetables","level2":"Carrots & Root Vegetables"}],"cateredFlag":false,"algoliaAnalytics":{"searchQueryID":"fcffc596e573a665e16562ef1d1ba03b","searchPosition":289},"boughtBefore":false},{"productId":"5001900-EA-000","brand":"Sprite","name":"Natural Flavour Soft Drink","displayName":"2.25l","availability":["IN_STORE","ONLINE"],"saleType":"UNITS","restrictedFlag":false,"liquorFlag":false,"tobaccoFlag":false,"originRegulated":false,"singlePrice":{"price":349,"comparativePrice":{"pricePerUnit":155,"unitQuantity":1,"unitQuantityUom":"L","measureDescription":"1L"}},"facets":[{"itemCode":"00020012","itemDescription":"Non-GMO"}],"categoryTrees":[{"level0":"Hot & Cold Drinks","level1":"Soft Drinks & Mixers","level2":"Lemonade"}],"cateredFlag":false,"algoliaAnalytics":{"searchQueryID":"fcffc596e573a665e16562ef1d1ba03b","searchPosition":290},"boughtBefore":false},{"productId":"5002350-EA-000","brand":"Kleenex","name":"Large &Thick 3 Ply  Facial Tissues","displayName":"95pk","availability":["IN_STORE","ONLINE"],"saleType":"UNITS","restrictedFlag":false,"liquorFlag":false,"tobaccoFlag":false,"originRegulated":false,"singlePrice":{"price":409,"comparativePrice":{"pricePerUnit":431,"unitQuantity":100,"unitQuantityUom":" ","measureDescription":"100"}},"categoryTrees":[{"level0":"Health & Body","level1":"Tissues & Cotton Wool","level2":"Tissues"},{"level0":"Household & Cleaning","level1":"Toilet Paper, Tissues & Paper Towels","level2":"Tissues"}],"cateredFlag":false,"algoliaAnalytics":{"searchQueryID":"fcffc596e573a665e16562ef1d1ba03b","searchPosition":291},"boughtBefore":false},{"productId":"5002412-EA-000","brand":"Schweppes","name":"Sparkling Duet Raspberry","displayName":"1.5l","availability":["IN_STORE","ONLINE"],"saleType":"UNITS","restrictedFlag":false,"liquorFlag":false,"tobaccoFlag":false,"originRegulated":false,"singlePrice":{"price":159,"comparativePrice":{"pricePerUnit":106,"unitQuantity":1,"unitQuantityUom":"L","measureDescription":"1L"}},"facets":[{"itemCode":"00020012","itemDescription":"Non-GMO"}],"categoryTrees":[{"level0":"Hot & Cold Drinks","level1":"Soft Drinks & Mixers","level2":"Other Soft Drinks"}],"cateredFlag":false,"algoliaAnalytics":{"searchQueryID":"fcffc596e573a665e16562ef1d1ba03b","searchPosition":292},"boughtBefore":false},{"productId":"5019937-EA-000","brand":"Sealord","name":"Chunky Style Tuna In Oil","displayName":"95g","availability":["IN_STORE","ONLINE"],"saleType":"UNITS","restrictedFlag":false,"liquorFlag":false,"tobaccoFlag":false,"originRegulated":false,"singlePrice":{"price":209,"comparativePrice":{"pricePerUnit":2200,"unitQuantity":1,"unitQuantityUom":"kg","measureDescription":"1kg"}},"facets":[{"itemCode":"00020012","itemDescription":"Non-GMO"}],"categoryTrees":[{"level0":"Pantry","level1":"Canned Foods & Packets","level2":"Canned Tuna"}],"cateredFlag":false,"algoliaAnalytics":{"searchQueryID":"fcffc596e573a665e16562ef1d1ba03b","searchPosition":293},"boughtBefore":false},{"productId":"5026741-EA-000","brand":"Indomie","name":"Mi Goreng Noodles","displayName":"10 x 85g","availability":["IN_STORE","ONLINE"],"saleType":"UNITS","restrictedFlag":false,"liquorFlag":false,"tobaccoFlag":false,"originRegulated":false,"singlePrice":{"price":839,"comparativePrice":{"pricePerUnit":99,"unitQuantity":100,"unitQuantityUom":"g","measureDescription":"100g"}},"categoryTrees":[{"level0":"Pantry","level1":"Pasta, Rice & Noodles","level2":"Instant Noodles"},{"level0":"Snacks, Treats & Easy Meals","level1":"Ready to Eat","level2":"Instant Rice & Noodle Meals"}],"cateredFlag":false,"algoliaAnalytics":{"searchQueryID":"fcffc596e573a665e16562ef1d1ba03b","searchPosition":294},"boughtBefore":false},{"productId":"5003848-EA-000","brand":"Pams","name":"Sliced Peaches In Juice","displayName":"410g","availability":["IN_STORE","ONLINE"],"saleType":"UNITS","restrictedFlag":false,"liquorFlag":false,"tobaccoFlag":false,"originRegulated":false,"singlePrice":{"price":179,"comparativePrice":{"pricePerUnit":437,"unitQuantity":1,"unitQuantityUom":"kg","measureDescription":"1kg"}},"facets":[{"itemCode":"00020012","itemDescription":"Non-GMO"},{"itemCode":"00020007","itemDescription":"Dairy Free"}],"categoryTrees":[{"level0":"Pantry","level1":"Canned Foods & Packets","level2":"Canned Fruit"},{"level0":"Featured","level1":"Pams","level2":"Canned & Prepared Foods"}],"cateredFlag":false,"algoliaAnalytics":{"searchQueryID":"fcffc596e573a665e16562ef1d1ba03b","searchPosition":295},"boughtBefore":false},{"productId":"5004906-EA-000","brand":"Pams","name":"Lemon Pepper Tuna","displayName":"95g","availability":["IN_STORE","ONLINE"],"saleType":"UNITS","restrictedFlag":false,"liquorFlag":false,"tobaccoFlag":false,"originRegulated":false,"singlePrice":{"price":130,"comparativePrice":{"pricePerUnit":1368,"unitQuantity":1,"unitQuantityUom":"kg","measureDescription":"1kg"}},"facets":[{"itemCode":"00020012","itemDescription":"Non-GMO"}],"categoryTrees":[{"level0":"Pantry","level1":"Canned Foods & Packets","level2":"Canned Tuna"},{"level0":"Featured","level1":"Pams","level2":"Canned & Prepared Foods"}],"cateredFlag":false,"algoliaAnalytics":{"searchQueryID":"fcffc596e573a665e16562ef1d1ba03b","searchPosition":296},"boughtBefore":false},{"productId":"5210255-EA-000","brand":"Surf","name":"Tropical Laundry Powder","displayName":"1kg","availability":["IN_STORE","ONLINE"],"saleType":"UNITS","restrictedFlag":false,"liquorFlag":false,"tobaccoFlag":false,"originRegulated":false,"singlePrice":{"price":529,"comparativePrice":{"pricePerUnit":53,"unitQuantity":100,"unitQuantityUom":"g","measureDescription":"100g"}},"facets":[{"itemCode":"00020012","itemDescription":"Non-GMO"}],"categoryTrees":[{"level0":"Household & Cleaning","level1":"Laundry","level2":"Laundry Powder"}],"cateredFlag":false,"algoliaAnalytics":{"searchQueryID":"fcffc596e573a665e16562ef1d1ba03b","searchPosition":297},"boughtBefore":false},{"productId":"5007216-EA-000","brand":"Gopala","name":"Natural Standard Yoghurt","displayName":"750g","availability":["IN_STORE","ONLINE"],"saleType":"UNITS","restrictedFlag":false,"liquorFlag":false,"tobaccoFlag":false,"originRegulated":false,"singlePrice":{"price":329,"comparativePrice":{"pricePerUnit":44,"unitQuantity":100,"unitQuantityUom":"g","measureDescription":"100g"}},"facets":[{"itemCode":"00020014","itemDescription":"Vegetarian"}],"categoryTrees":[{"level0":"Fridge, Deli & Eggs","level1":"Yoghurt","level2":"Greek & Natural Yoghurt"},{"level0":"Fridge, Deli & Eggs","level1":"Yoghurt","level2":"Large Yoghurt Tubs"}],"cateredFlag":false,"algoliaAnalytics":{"searchQueryID":"fcffc596e573a665e16562ef1d1ba03b","searchPosition":298},"boughtBefore":false},{"productId":"5009865-EA-000","brand":"Palm","name":"Corned Beef With Juices","displayName":"326g","availability":["IN_STORE","ONLINE"],"saleType":"UNITS","restrictedFlag":false,"liquorFlag":false,"tobaccoFlag":false,"originRegulated":false,"singlePrice":{"price":859,"comparativePrice":{"pricePerUnit":2635,"unitQuantity":1,"unitQuantityUom":"kg","measureDescription":"1kg"}},"facets":[{"itemCode":"00020012","itemDescription":"Non-GMO"}],"categoryTrees":[{"level0":"Pantry","level1":"Canned Foods & Packets","level2":"Canned Meat"}],"cateredFlag":false,"algoliaAnalytics":{"searchQueryID":"fcffc596e573a665e16562ef1d1ba03b","searchPosition":299},"boughtBefore":false},{"productId":"5029021-EA-000","brand":"Pams Plant Based","name":"Unsweetened Almond Milk","displayName":"1l","availability":["IN_STORE","ONLINE"],"saleType":"UNITS","restrictedFlag":false,"liquorFlag":false,"tobaccoFlag":false,"originRegulated":false,"singlePrice":{"price":339,"comparativePrice":{"pricePerUnit":339,"unitQuantity":1,"unitQuantityUom":"L","measureDescription":"1L"}},"facets":[{"itemCode":"00020009","itemDescription":"Low Fat"},{"itemCode":"00020011","itemDescription":"Low Sugar"},{"itemCode":"00020007","itemDescription":"Dairy Free"},{"itemCode":"00020012","itemDescription":"Non-GMO"},{"itemCode":"00020004","itemDescription":"Gluten Free"}],"categoryTrees":[{"level0":"Pantry","level1":"Long Life & Dairy Free Milk","level2":"Nut Milk"},{"level0":"Featured","level1":"Pams","level2":"Dairy & Eggs"}],"cateredFlag":false,"algoliaAnalytics":{"searchQueryID":"fcffc596e573a665e16562ef1d1ba03b","searchPosition":300},"boughtBefore":false}],"algoliaSearchResult":{"facets":{"brand":{"Pams":809,"Wattie's":155,"Mrs Rogers":111,"Colgate":90,"Anchor":81,"Korbond":81,"Healtheries":80,"Tip Top":72,"Hellers":64,"VitaPet":63,"Gregg's":60,"Value":60,"Ceres Organics":56,"Continental":52,"Dettol":52,"Tasti":52,"Mainland":51,"Griffin's":50,"Maggi":50,"Pams Value":50,"Nivea":49,"Red Seal":49,"Dove":48,"Barker's":47,"Meadow Fresh":47,"Musashi":46,"Huggies":44,"Nestle":43,"Nescafe":41,"Palmolive":40,"McCain":39,"Bic":38,"Masterfoods":37,"Mother Earth":36,"Cadbury":35,"Delmaine":34,"Kellogg's":34,"Heinz":33,"Sealord":33,"Graze":31,"Lewis Road Creamery":31,"Sistema":31,"Whittaker's":31,"Chux":30,"Edmonds":30,"Jed's Coffee Co.":30,"The Collective":30,"Pams Finest":29,"Avalanche":28,"Bundaberg":28,"Energizer":28,"Whiskas":28,"Big Black Sacks":27,"Bluebird":27,"Glow Lab":27,"Kapiti":27,"Palmolive Naturals":27,"Arnott's":26,"Diamond":26,"Fresh To Go":26,"Hubbards":26,"Lindt":26,"Schweppes":26,"Farrah's":25,"Moccona":25,"Old El Paso":25,"Persil":25,"Philips":25,"Best":24,"Chef":24,"Fresh 'n Fruity":24,"Schick":24,"Tegel":24,"Eta":23,"Purina Fancy Feast":23,"Surv":23,"Dairyworks":22,"Dine":22,"Ecostore":22,"Harpic":22,"North Head":22,"San Remo":22,"Head & Shoulders":21,"John West":21,"Lee Kum Kee":21,"Rascals":21,"V":21,"Verkerks":21,"Chelsea":20,"Jacob's Creek":20,"Leggo's":20,"Only Organic":20,"Sanitarium Up & Go":20,"U By Kotex":20,"Campbell's":19,"Eveready":19,"Magnum":19,"Nivea Men":19,"Poise":19,"Schwarzkopf Extra Care":19},"tobacco":{"false":9994},"category1NI":{"Chips, Nuts & Snacks":445,"Canned Foods & Packets":347,"Pams":344,"Biscuits & Crackers":304,"Back to School":290,"Chocolate, Sweets & Chewing Gum":288,"Cooking Sauces, Stocks & Marinades":274,"Hair Care":265,"Stationery & Entertainment":257,"Cheese":238,"Lunchbox Snacks":235,"Spices, Seasoning & Coatings":234,"Baking Supplies & Sugar":231,"Coffee":226,"Table Sauces, Dressings & Condiments":225,"Pasta, Rice & Noodles":224,"Cat":213,"Ice Cream & Sorbet":204,"Yoghurt":202,"Cleaning & Accessories":199,"Easy Meals & Meal Kits":176,"Deli Meats & Smoked Fish":169,"Homewares":165,"Food Wrap, Storage & Bags":163,"Dental & Oral Care":159,"Bath, Shower & Soap":157,"Red Wine":156,"Dog":151,"Soft Drinks & Mixers":148,"Breakfast Cereals":146,"Skin Care & Sun Care":143,"Deli Meats":137,"Laundry":134,"White Wine":130,"Medical & First Aid":125,"$5 Week 1":117,"Juice & Smoothies":111,"Period & Continence Care":111,"World Foods":111,"Vegetables":107,"Dips, Hummus & Antipasti":103,"Vitamins & Supplements":101,"Milk":98,"Deodorant & Body Sprays":97,"Ready to Eat":95,"Batteries & Electrical":93,"Jams, Honey & Spreads":93,"Beer":92,"Tea":91,"Sports & Energy Drinks":90,"Bulk Foods":86,"Desserts":86,"Nappies & Changing":83,"Chilled Soups & Ready Meals":80,"Frozen Chicken & Meat":76,"Garage & Outdoor":76,"Baby & Toddler Food":74,"Sliced & Packaged Bread":72,"Kitchen Cleaners":71,"Cakes, Muffins & Desserts":67,"Hot Chocolate & Milk Drinks":67,"Shaving & Hair Removal":65,"Frozen Fish & Seafood":64,"Bathroom & Toilet Cleaners":61,"Fresh Salad & Herbs":61,"Sports Nutrition & Weight Management":60,"Frozen Vegetables":57,"In-Store Bakery":57,"Oil & Vinegar":56,"Frozen Dumplings, Pies & Snacks":53,"Dishwashing":52,"Frozen Pizza & Ready Meals":52,"Wraps, Pita & Flat Bread":50,"Butter & Margarine":48,"Frozen Fruit & Desserts":46,"Pest & Insect Control":46,"Syrups, Cordials & Powdered Drinks":46,"Long Life & Dairy Free Milk":45,"Chilled Pasta, Pizza & Garlic Bread":43,"Baby & Toddler Toiletries":41,"Toilet Paper, Tissues & Paper Towels":40,"Mince, Sausages & Meatballs":39,"Rose Wine":39,"Seafood":39,"Champagne & Sparkling Wine":38,"Baby Formula":37,"Frozen Chips & Hash Browns":36,"Fruit":36,"Bagels, Crumpets & Pancakes":35,"Cream, Custard & Desserts":34,"Craft Beer":31,"Water":31,"Chicken & Poultry":30,"Kombucha & Functional Drinks":29,"Clothing & Accessories":28,"Nursing & Feeding":28,"Alcohol Free Drinks":27,"Burger Buns, Rolls & Garlic Bread":26,"Cider":24,"Frozen Pastry & Bread":23},"onPromotion":{"61dd754e-8525-4b9e-9e08-173389eea8a8":2714,"c3f9e1a3-fc34-452d-af2e-95349e666ba4":2702,"715f0e22-95e0-45ce-af3a-07057209976e":2698,"4a279605-eaa8-470d-bcd4-0a9e3c9ab43b":2685,"5cf0392f-c187-4fc4-a463-eb269d2e8f45":2660,"90082979-fb9f-4305-9c72-83274fc438cc":2656,"b29a98bd-749c-489c-9eef-6aa38e66a29b":2631,"2ed73be8-936d-4f35-9398-75a707f40a7b":2560,"dbca5e00-f7f9-43ae-91de-031ad16f8a92":2548,"be4c4780-218e-425a-a90f-63e21773572b":2538,"8cd700ae-d96f-4761-bd7a-805d6b93536d":2460,"d8032da3-c1b9-456e-b626-41ce21f8c67b":2401,"3c5e3145-0767-4066-9349-6c0a1313acc5":2383,"bdc5ef4a-c6a7-4f8a-b8cb-28109e6d61c3":2266,"2a1b331a-fc4a-496a-b072-e97cc8f70cae":2066,"d6d39eea-889d-4e20-923c-55cab225cf7f":2060,"c2204dae-579e-4b6b-9d42-2e13ceaa6031":2057,"65defcf2-bc15-490e-a84f-1f13b769cd22":2047,"8f0d70be-5cb7-464b-99cb-8b0130671895":2024,"b92cc33f-b5a8-4b57-9b82-412946800020":1977,"3404c253-577f-45ca-b301-c98312e46efb":1965,"c0f80e87-16be-4488-9553-da437e8c6c2a":1954,"6e6809dd-01bc-45c9-aab1-f01ccd8338b0":1952,"3bfe040b-f0c9-45e0-949b-b9ad5a591d55":1940,"92086ded-a55d-4241-a364-7d7ea91531b4":1937,"48dd98cc-a757-4102-b15d-ea82b4b10571":1931,"49037947-e450-49bf-ba1f-a94551c79a72":1915,"21ecaaed-0749-4492-985e-4bb7ba43d59c":1903,"3bb30799-82ce-4648-8c02-5113228963ed":1895,"01a114de-149c-4f5f-80a1-90cc63f69c6e":1886,"c180a72d-5dbe-4403-b7c7-91655e505492":1877,"714431ab-6e39-4df6-ac77-cfc5c1e25bc8":1864,"e1925ea7-01bc-4358-ae7c-c6502da5ab12":1860,"64eab5b1-8d79-45f4-94f1-02b8cf8b6202":1857,"1c388d5e-29ac-4956-b476-cb3431353d2e":1852,"5f167936-79ae-4f6a-b9d2-74afe1bb096b":1845,"d1cd1fdd-8767-46a6-a8d3-c3e0632c2dc8":1845,"b2e98a14-c8ca-401e-99ed-edf74570c6f6":1838,"af385423-d0f1-41f0-9482-ffd10b745143":1829,"6cda96e1-7d29-44a6-956b-3fcfdecc8184":1820,"529d66cc-60e3-432e-b8d1-efc9f2ec4919":1815,"4fcc1c8e-cc5e-4675-ba25-5e56b579cf69":1800,"7d48a781-4f68-4c91-a908-8659e1b22f95":1773,"53989945-1a28-481d-a61c-d6f75f760ada":1767,"60561e46-ece7-43a7-b142-9b14812586e4":1765,"9cd8eb60-3222-4efc-bd7c-50e03e6a81a4":1761,"33d8d6fc-861a-45ff-9937-5ccdb55eaede":1756,"15e6f441-5c1c-4d25-b4ec-1adf918c49c7":1746,"98ec3885-ac93-4fcb-807b-59c9055c52c4":1730,"94ef1985-cab1-4b39-a2f3-230120f03c16":1727,"a7d09522-bee2-41e4-8fe0-0b82b7f342f5":1712,"6c73764e-b8e6-4e55-ad37-f6a9d207da1f":1700,"b83029b6-5dd5-449e-8056-26f3943a4e18":1699,"50b1216b-d066-4457-b88b-9bccf97bf6d3":1684,"3e82142c-78dc-46f3-82ec-28e65fcf84c9":1614,"b39562a4-2b72-43fe-b9ba-eda1d651ad0b":1577,"076e8177-943b-41fc-a885-ba3d28297acf":1534},"productFacets":{"Non-GMO":4194,"Gluten Free":1186,"Dairy Free":518,"Vegetarian":461,"Low Fat":431,"Vegan":397,"Low Sugar":355,"Organic":260,"Halal":229,"Free Range":100,"Cage Free":47,"Keto":27,"Low Salt":24,"Healthy Heart Tick":1}}},"algoliaFacetQueriesResults":[],"totalHits":1000,"page":5,"totalPages":20,"hitsPerPage":50},
{"tobaccoProducts":false,"products":[{"productId":"5263014-EA-000","brand":"Pams","name":"Buttery Spread","displayName":"500g","availability":["IN_STORE","ONLINE"],"saleType":"UNITS","restrictedFlag":false,"liquorFlag":false,"tobaccoFlag":false,"originRegulated":false,"singlePrice":{"price":359,"comparativePrice":{"pricePerUnit":72,"unitQuantity":100,"unitQuantityUom":"g","measureDescription":"100g"}},"facets":[{"itemCode":"00020012","itemDescription":"Non-GMO"}],"categoryTrees":[{"level0":"Fridge, Deli & Eggs","level1":"Butter & Margarine","level2":"Margarine & Spreads"},{"level0":"Featured","level1":"Pams","level2":"Dairy & Eggs"}],"cateredFlag":false,"algoliaAnalytics":{"searchQueryID":"d08a08baba1a55a736c6dad751f42b1b","searchPosition":201},"boughtBefore":false},{"productId":"5045844-EA-000","name":"Dragonfruit Pitahaya","displayName":"ea","availability":["IN_STORE","ONLINE"],"saleType":"UNITS","restrictedFlag":false,"liquorFlag":false,"tobaccoFlag":false,"originRegulated":true,"originStatement":"Product of Vietnam","singlePrice":{"price":449},"categoryTrees":[{"level0":"Fruit & Vegetables","level1":"Fruit","level2":"Tropical & Exotic Fruit"}],"cateredFlag":false,"algoliaAnalytics":{"searchQueryID":"d08a08baba1a55a736c6dad751f42b1b","searchPosition":202},"boughtBefore":false},{"productId":"5113430-EA-000","name":"French Stick","displayName":"ea","availability":["IN_STORE","ONLINE"],"saleType":"UNITS","restrictedFlag":false,"liquorFlag":false,"tobaccoFlag":false,"originRegulated":false,"singlePrice":{"price":299},"categoryTrees":[{"level0":"Bakery","level1":"In-Store Bakery","level2":"Fresh Loaves"}],"cateredFlag":false,"algoliaAnalytics":{"searchQueryID":"d08a08baba1a55a736c6dad751f42b1b","searchPosition":203},"boughtBefore":false},{"productId":"5040293-EA-000","brand":"Pams","name":"Shoe String Fries","displayName":"1kg","availability":["IN_STORE","ONLINE"],"saleType":"UNITS","restrictedFlag":false,"liquorFlag":false,"tobaccoFlag":false,"originRegulated":false,"singlePrice":{"price":289,"comparativePrice":{"pricePerUnit":289,"unitQuantity":1,"unitQuantityUom":"kg","measureDescription":"1kg"}},"facets":[{"itemCode":"00020007","itemDescription":"Dairy Free"},{"itemCode":"00020013","itemDescription":"Vegan"},{"itemCode":"00020012","itemDescription":"Non-GMO"}],"categoryTrees":[{"level0":"Frozen","level1":"Frozen Chips & Hash Browns","level2":"Frozen Chips & Wedges"},{"level0":"Featured","level1":"Pams","level2":"Frozen Foods"}],"cateredFlag":false,"algoliaAnalytics":{"searchQueryID":"d08a08baba1a55a736c6dad751f42b1b","searchPosition":204},"boughtBefore":false},{"productId":"5010663-EA-000","brand":"Copper Kettle","name":"Sea Salt Potato Chips","displayName":"150g","availability":["IN_STORE","ONLINE"],"saleType":"UNITS","restrictedFlag":false,"liquorFlag":false,"tobaccoFlag":false,"originRegulated":false,"marketingInitiatives":[{"initiativeCode":"AOV"}],"singlePrice":{"price":275,"promoId":"129967122","comparativePrice":{"pricePerUnit":183,"unitQuantity":100,"unitQuantityUom":"g","measureDescription":"100g"}},"promotions":[{"promoId":"129967122","rewardValue":275,"decal":"6000","sapType":"BASE","rewardType":"NEW_PRICE","threshold":1,"limit":0,"multiProducts":false,"cardDependencyFlag":false,"bestPromotion":true,"comparativePrice":{"pricePerUnit":183,"unitQuantity":100,"unitQuantityUom":"g","measureDescription":"100g"}}],"facets":[{"itemCode":"00020004","itemDescription":"Gluten Free"},{"itemCode":"00020012","itemDescription":"Non-GMO"},{"itemCode":"00020013","itemDescription":"Vegan"}],"categoryTrees":[{"level0":"Snacks, Treats & Easy Meals","level1":"Chips, Nuts & Snacks","level2":"Chips"},{"level0":"Pantry","level1":"Chips, Nuts & Snacks","level2":"Chips"}],"cateredFlag":false,"algoliaAnalytics":{"searchQueryID":"d08a08baba1a55a736c6dad751f42b1b","searchPosition":205},"boughtBefore":false},{"productId":"5023557-EA-000","brand":"Beehive","name":"Shaved Champagne Ham","displayName":"200g","availability":["IN_STORE","ONLINE"],"saleType":"UNITS","restrictedFlag":false,"liquorFlag":false,"tobaccoFlag":false,"originRegulated":true,"originStatement":"Made in New Zealand using pork from pigs raised in one or more of the countries: Australia, Belgium, Canada, Denmark, Finland, France, Germany, Ireland, Netherlands, Poland, UK, Spain, Sweden, USA.","singlePrice":{"price":599,"comparativePrice":{"pricePerUnit":2995,"unitQuantity":1,"unitQuantityUom":"kg","measureDescription":"1kg"}},"facets":[{"itemCode":"00020009","itemDescription":"Low Fat"},{"itemCode":"00020004","itemDescription":"Gluten Free"}],"categoryTrees":[{"level0":"Fridge, Deli & Eggs","level1":"Deli Meats & Smoked Fish","level2":"Ham & Pork Slices"},{"level0":"Meat, Poultry & Seafood","level1":"Deli Meats","level2":"Ham & Pork Slices"},{"level0":"Featured","level1":"Back to School","level2":"Back to School Lunches","webContent":{"badgeSmallUrl":"","badgeMediumUrl":"","badgeLargeUrl":"","title":"","subTitle":"","campaignUrl":""},"appContent":{"badgeSmallUrl":"","badgeMediumUrl":"","badgeLargeUrl":"","title":"","subTitle":"","campaignUrl":""}}],"cateredFlag":false,"algoliaAnalytics":{"searchQueryID":"d08a08baba1a55a736c6dad751f42b1b","searchPosition":206},"boughtBefore":false},{"productId":"5026013-EA-000","brand":"Nature's Fresh","name":"White Super Thick Toast Bread","displayName":"700g","availability":["IN_STORE","ONLINE"],"saleType":"UNITS","restrictedFlag":false,"liquorFlag":false,"tobaccoFlag":false,"originRegulated":false,"singlePrice":{"price":359,"comparativePrice":{"pricePerUnit":51,"unitQuantity":100,"unitQuantityUom":"g","measureDescription":"100g"}},"facets":[{"itemCode":"00020012","itemDescription":"Non-GMO"}],"categoryTrees":[{"level0":"Bakery","level1":"Sliced & Packaged Bread","level2":"White Bread"}],"cateredFlag":false,"algoliaAnalytics":{"searchQueryID":"d08a08baba1a55a736c6dad751f42b1b","searchPosition":207},"boughtBefore":false},{"productId":"5238243-EA-000","brand":"Diamond","name":"Fettuccine Pasta","displayName":"500g","availability":["IN_STORE","ONLINE"],"saleType":"UNITS","restrictedFlag":false,"liquorFlag":false,"tobaccoFlag":false,"originRegulated":false,"singlePrice":{"price":229,"promoId":"129964626","comparativePrice":{"pricePerUnit":46,"unitQuantity":100,"unitQuantityUom":"g","measureDescription":"100g"}},"promotions":[{"promoId":"129964626","rewardValue":229,"decal":"6000","sapType":"BASE","rewardType":"NEW_PRICE","threshold":1,"limit":0,"multiProducts":false,"cardDependencyFlag":false,"bestPromotion":true,"comparativePrice":{"pricePerUnit":46,"unitQuantity":100,"unitQuantityUom":"g","measureDescription":"100g"}}],"categoryTrees":[{"level0":"Pantry","level1":"Pasta, Rice & Noodles","level2":"Dried Pasta"}],"cateredFlag":false,"algoliaAnalytics":{"searchQueryID":"d08a08baba1a55a736c6dad751f42b1b","searchPosition":208},"boughtBefore":false},{"productId":"5025750-EA-000","brand":"Freya's","name":"Dutch Wholemeal Grain Bread","displayName":"750g","availability":["IN_STORE","ONLINE"],"saleType":"UNITS","restrictedFlag":false,"liquorFlag":false,"tobaccoFlag":false,"originRegulated":false,"singlePrice":{"price":359,"comparativePrice":{"pricePerUnit":48,"unitQuantity":100,"unitQuantityUom":"g","measureDescription":"100g"}},"facets":[{"itemCode":"00020012","itemDescription":"Non-GMO"}],"categoryTrees":[{"level0":"Bakery","level1":"Sliced & Packaged Bread","level2":"Wholemeal, Grain & Seeded Bread"}],"cateredFlag":false,"algoliaAnalytics":{"searchQueryID":"d08a08baba1a55a736c6dad751f42b1b","searchPosition":209},"boughtBefore":false},{"productId":"5002515-EA-000","brand":"Diamond","name":"Penne Pasta","displayName":"500g","availability":["IN_STORE","ONLINE"],"saleType":"UNITS","restrictedFlag":false,"liquorFlag":false,"tobaccoFlag":false,"originRegulated":false,"singlePrice":{"price":229,"promoId":"129964657","comparativePrice":{"pricePerUnit":46,"unitQuantity":100,"unitQuantityUom":"g","measureDescription":"100g"}},"promotions":[{"promoId":"129964657","rewardValue":229,"decal":"6000","sapType":"BASE","rewardType":"NEW_PRICE","threshold":1,"limit":0,"multiProducts":false,"cardDependencyFlag":false,"bestPromotion":true,"comparativePrice":{"pricePerUnit":46,"unitQuantity":100,"unitQuantityUom":"g","measureDescription":"100g"}}],"facets":[{"itemCode":"00020012","itemDescription":"Non-GMO"}],"categoryTrees":[{"level0":"Pantry","level1":"Pasta, Rice & Noodles","level2":"Dried Pasta"}],"cateredFlag":false,"algoliaAnalytics":{"searchQueryID":"d08a08baba1a55a736c6dad751f42b1b","searchPosition":210},"boughtBefore":false},{"productId":"5011001-EA-000","brand":"Peckish","name":"Sweet Chilli Flavoured Rice Crackers","displayName":"90g","availability":["IN_STORE","ONLINE"],"saleType":"UNITS","restrictedFlag":false,"liquorFlag":false,"tobaccoFlag":false,"originRegulated":false,"singlePrice":{"price":179,"comparativePrice":{"pricePerUnit":199,"unitQuantity":100,"unitQuantityUom":"g","measureDescription":"100g"}},"facets":[{"itemCode":"00020014","itemDescription":"Vegetarian"},{"itemCode":"00020004","itemDescription":"Gluten Free"}],"categoryTrees":[{"level0":"Pantry","level1":"Biscuits & Crackers","level2":"Rice Crackers"},{"level0":"Featured","level1":"Back to School","level2":"Lunchbox Snacks","webContent":{"badgeSmallUrl":"","badgeMediumUrl":"","badgeLargeUrl":"","title":"","subTitle":"","campaignUrl":""},"appContent":{"badgeSmallUrl":"","badgeMediumUrl":"","badgeLargeUrl":"","title":"","subTitle":"","campaignUrl":""}}],"cateredFlag":false,"algoliaAnalytics":{"searchQueryID":"d08a08baba1a55a736c6dad751f42b1b","searchPosition":211},"boughtBefore":false},{"productId":"5001815-EA-000","brand":"Pacific","name":"Corned Beef","displayName":"340g","availability":["IN_STORE","ONLINE"],"saleType":"UNITS","restrictedFlag":false,"liquorFlag":false,"tobaccoFlag":false,"originRegulated":false,"singlePrice":{"price":769,"promoId":"129993994","comparativePrice":{"pricePerUnit":2262,"unitQuantity":1,"unitQuantityUom":"kg","measureDescription":"1kg"}},"promotions":[{"promoId":"129993994","rewardValue":769,"decal":"6000","sapType":"BASE","rewardType":"NEW_PRICE","threshold":1,"limit":0,"multiProducts":false,"cardDependencyFlag":false,"bestPromotion":true,"comparativePrice":{"pricePerUnit":2262,"unitQuantity":1,"unitQuantityUom":"kg","measureDescription":"1kg"}}],"facets":[{"itemCode":"00020012","itemDescription":"Non-GMO"}],"categoryTrees":[{"level0":"Pantry","level1":"Canned Foods & Packets","level2":"Canned Meat"}],"cateredFlag":false,"algoliaAnalytics":{"searchQueryID":"d08a08baba1a55a736c6dad751f42b1b","searchPosition":212},"boughtBefore":false},{"productId":"5040462-EA-000","brand":"Pams","name":"Baby Leaf Lettuce","displayName":"100g","availability":["IN_STORE","ONLINE"],"saleType":"UNITS","restrictedFlag":false,"liquorFlag":false,"tobaccoFlag":false,"originRegulated":true,"originStatement":"Product of New Zealand","singlePrice":{"price":379,"comparativePrice":{"pricePerUnit":3790,"unitQuantity":1,"unitQuantityUom":"kg","measureDescription":"1kg"}},"facets":[{"itemCode":"00020012","itemDescription":"Non-GMO"}],"categoryTrees":[{"level0":"Fruit & Vegetables","level1":"Vegetables","level2":"Lettuce, Spinach & Salad Greens"},{"level0":"Fruit & Vegetables","level1":"Fresh Salad & Herbs","level2":"Lettuce, Spinach & Salad Greens"}],"cateredFlag":false,"algoliaAnalytics":{"searchQueryID":"d08a08baba1a55a736c6dad751f42b1b","searchPosition":213},"boughtBefore":false},{"productId":"5034759-EA-000","brand":"Bluebird","name":"Thinly Cut Salt & Vinegar Potato Chips","displayName":"140g","availability":["IN_STORE","ONLINE"],"saleType":"UNITS","restrictedFlag":false,"liquorFlag":false,"tobaccoFlag":false,"originRegulated":false,"singlePrice":{"price":219,"comparativePrice":{"pricePerUnit":156,"unitQuantity":100,"unitQuantityUom":"g","measureDescription":"100g"}},"facets":[{"itemCode":"00020014","itemDescription":"Vegetarian"},{"itemCode":"00020004","itemDescription":"Gluten Free"},{"itemCode":"00020012","itemDescription":"Non-GMO"}],"categoryTrees":[{"level0":"Snacks, Treats & Easy Meals","level1":"Chips, Nuts & Snacks","level2":"Chips"},{"level0":"Pantry","level1":"Chips, Nuts & Snacks","level2":"Chips"}],"cateredFlag":false,"algoliaAnalytics":{"searchQueryID":"d08a08baba1a55a736c6dad751f42b1b","searchPosition":214},"boughtBefore":false},{"productId":"5007219-EA-000","brand":"Gopala","name":"Paneer","displayName":"300g","availability":["IN_STORE","ONLINE"],"saleType":"UNITS","restrictedFlag":false,"liquorFlag":false,"tobaccoFlag":false,"originRegulated":false,"singlePrice":{"price":599,"comparativePrice":{"pricePerUnit":200,"unitQuantity":100,"unitQuantityUom":"g","measureDescription":"100g"}},"categoryTrees":[{"level0":"Fridge, Deli & Eggs","level1":"Cheese","level2":"Entertaining & Specialty Cheese"}],"cateredFlag":false,"algoliaAnalytics":{"searchQueryID":"d08a08baba1a55a736c6dad751f42b1b","searchPosition":215},"boughtBefore":false},{"productId":"5004703-EA-000","brand":"V","name":"Original Green Guarana Energy Drink","displayName":"500ml","availability":["IN_STORE","ONLINE"],"saleType":"UNITS","restrictedFlag":false,"liquorFlag":false,"tobaccoFlag":false,"originRegulated":false,"singlePrice":{"price":299,"comparativePrice":{"pricePerUnit":598,"unitQuantity":1,"unitQuantityUom":"L","measureDescription":"1L"}},"facets":[{"itemCode":"00020012","itemDescription":"Non-GMO"}],"categoryTrees":[{"level0":"Hot & Cold Drinks","level1":"Sports & Energy Drinks","level2":"Energy Drinks"}],"cateredFlag":false,"algoliaAnalytics":{"searchQueryID":"d08a08baba1a55a736c6dad751f42b1b","searchPosition":216},"boughtBefore":false},{"productId":"5039342-EA-000","brand":"Hellers","name":"Shaved Champagne Leg Ham","displayName":"100g","availability":["IN_STORE","ONLINE"],"saleType":"UNITS","restrictedFlag":false,"liquorFlag":false,"tobaccoFlag":false,"originRegulated":true,"originStatement":"Made in New Zealand with pork raised in any one or more of the following countries: Canada, Denmark, Germany, Poland, Spain, USA plus other local and imported ingredients.","singlePrice":{"price":289,"promoId":"129998409","comparativePrice":{"pricePerUnit":2890,"unitQuantity":1,"unitQuantityUom":"kg","measureDescription":"1kg"}},"promotions":[{"promoId":"130020077","rewardValue":500,"decal":"6000","sapType":"LAYERED","rewardType":"NEW_PRICE","threshold":2,"multiProducts":true,"cardDependencyFlag":false,"bestPromotion":true,"comparativePrice":{"pricePerUnit":2500,"unitQuantity":1,"unitQuantityUom":"kg","measureDescription":"1kg"}}],"facets":[{"itemCode":"00020004","itemDescription":"Gluten Free"},{"itemCode":"00020012","itemDescription":"Non-GMO"},{"itemCode":"00020009","itemDescription":"Low Fat"},{"itemCode":"00020007","itemDescription":"Dairy Free"}],"categoryTrees":[{"level0":"Fridge, Deli & Eggs","level1":"Deli Meats & Smoked Fish","level2":"Ham & Pork Slices"},{"level0":"Meat, Poultry & Seafood","level1":"Deli Meats","level2":"Ham & Pork Slices"},{"level0":"$5 Week 1","level1":"$5 Week 1","level2":"Deals","webContent":{"badgeSmallUrl":"","badgeMediumUrl":"","badgeLargeUrl":"","title":"","subTitle":"","campaignUrl":""},"appContent":{"badgeSmallUrl":"","badgeMediumUrl":"","badgeLargeUrl":"","title":"","subTitle":"","campaignUrl":""}},{"level0":"Featured","level1":"Back to School","level2":"Back to School Lunches"}],"cateredFlag":false,"algoliaAnalytics":{"searchQueryID":"d08a08baba1a55a736c6dad751f42b1b","searchPosition":217},"boughtBefore":false},{"productId":"5025938-EA-000","brand":"Premier","name":"Bacon Pieces","displayName":"350g","availability":["IN_STORE","ONLINE"],"saleType":"UNITS","restrictedFlag":false,"liquorFlag":false,"tobaccoFlag":false,"originRegulated":true,"originStatement":"Made in New Zealand using pork from pigs raised in one or more of the countries: Australia, Belgium, Denmark, Finland, France, Germany, Ireland, Netherlands, Poland, UK, Spain, Sweden, Canada, USA.","singlePrice":{"price":499,"comparativePrice":{"pricePerUnit":1426,"unitQuantity":1,"unitQuantityUom":"kg","measureDescription":"1kg"}},"facets":[{"itemCode":"00020004","itemDescription":"Gluten Free"}],"categoryTrees":[{"level0":"Fridge, Deli & Eggs","level1":"Deli Meats & Smoked Fish","level2":"Bacon"},{"level0":"Meat, Poultry & Seafood","level1":"Deli Meats","level2":"Bacon"}],"cateredFlag":false,"algoliaAnalytics":{"searchQueryID":"d08a08baba1a55a736c6dad751f42b1b","searchPosition":218},"boughtBefore":false},{"productId":"5026066-EA-000","brand":"Nature's Fresh","name":"White Sandwich Bread","displayName":"700g","availability":["IN_STORE","ONLINE"],"saleType":"UNITS","restrictedFlag":false,"liquorFlag":false,"tobaccoFlag":false,"originRegulated":false,"singlePrice":{"price":359,"comparativePrice":{"pricePerUnit":51,"unitQuantity":100,"unitQuantityUom":"g","measureDescription":"100g"}},"facets":[{"itemCode":"00020012","itemDescription":"Non-GMO"}],"categoryTrees":[{"level0":"Bakery","level1":"Sliced & Packaged Bread","level2":"White Bread"},{"level0":"Featured","level1":"Back to School","level2":"Back to School Lunches","webContent":{"badgeSmallUrl":"","badgeMediumUrl":"","badgeLargeUrl":"","title":"","subTitle":"","campaignUrl":""},"appContent":{"badgeSmallUrl":"","badgeMediumUrl":"","badgeLargeUrl":"","title":"","subTitle":"","campaignUrl":""}}],"cateredFlag":false,"algoliaAnalytics":{"searchQueryID":"d08a08baba1a55a736c6dad751f42b1b","searchPosition":219},"boughtBefore":false},{"productId":"5101477-KGM-000","name":"NZ Pork Shoulder Roast","displayName":"kg","availability":["IN_STORE","ONLINE"],"saleType":"WEIGHT","restrictedFlag":false,"liquorFlag":false,"tobaccoFlag":false,"originRegulated":true,"originStatement":"Product of New Zealand","variableWeight":{"minOrderQuantity":1500,"stepSize":100,"stepUnitOfMeasure":"g"},"singlePrice":{"price":1199,"comparativePrice":{"pricePerUnit":1199,"unitQuantity":1,"unitQuantityUom":"kg","measureDescription":"1kg"}},"categoryTrees":[{"level0":"Meat, Poultry & Seafood","level1":"Pork & Ham","level2":"Roast Pork, Pork Belly & Ribs"}],"cateredFlag":false,"algoliaAnalytics":{"searchQueryID":"d08a08baba1a55a736c6dad751f42b1b","searchPosition":220},"boughtBefore":false},{"productId":"5001524-EA-000","brand":"Diamond","name":"Spirals Pasta","displayName":"500g","availability":["IN_STORE","ONLINE"],"saleType":"UNITS","restrictedFlag":false,"liquorFlag":false,"tobaccoFlag":false,"originRegulated":false,"singlePrice":{"price":229,"promoId":"129964657","comparativePrice":{"pricePerUnit":46,"unitQuantity":100,"unitQuantityUom":"g","measureDescription":"100g"}},"promotions":[{"promoId":"129964657","rewardValue":229,"decal":"6000","sapType":"BASE","rewardType":"NEW_PRICE","threshold":1,"limit":0,"multiProducts":false,"cardDependencyFlag":false,"bestPromotion":true,"comparativePrice":{"pricePerUnit":46,"unitQuantity":100,"unitQuantityUom":"g","measureDescription":"100g"}}],"categoryTrees":[{"level0":"Pantry","level1":"Pasta, Rice & Noodles","level2":"Dried Pasta"}],"cateredFlag":false,"algoliaAnalytics":{"searchQueryID":"d08a08baba1a55a736c6dad751f42b1b","searchPosition":221},"boughtBefore":false},{"productId":"5003343-EA-000","brand":"Nestle","name":"Kit Kat Milk Chocolate Bar","displayName":"42g","availability":["IN_STORE","ONLINE"],"saleType":"UNITS","restrictedFlag":false,"liquorFlag":false,"tobaccoFlag":false,"originRegulated":false,"singlePrice":{"price":219,"comparativePrice":{"pricePerUnit":521,"unitQuantity":100,"unitQuantityUom":"g","measureDescription":"100g"}},"facets":[{"itemCode":"00020014","itemDescription":"Vegetarian"},{"itemCode":"00020002","itemDescription":"Halal"}],"categoryTrees":[{"level0":"Snacks, Treats & Easy Meals","level1":"Chocolate, Sweets & Chewing Gum","level2":"Single Chocolate Bars & Sweets"},{"level0":"Pantry","level1":"Chocolate, Sweets & Chewing Gum","level2":"Single Chocolate Bars & Sweets"}],"cateredFlag":false,"algoliaAnalytics":{"searchQueryID":"d08a08baba1a55a736c6dad751f42b1b","searchPosition":222},"boughtBefore":false},{"productId":"5027109-EA-000","brand":"Meadow Fresh","name":"Spreadable Cream Cheese","displayName":"250g","availability":["IN_STORE","ONLINE"],"saleType":"UNITS","restrictedFlag":false,"liquorFlag":false,"tobaccoFlag":false,"originRegulated":false,"singlePrice":{"price":459,"comparativePrice":{"pricePerUnit":184,"unitQuantity":100,"unitQuantityUom":"g","measureDescription":"100g"}},"facets":[{"itemCode":"00020014","itemDescription":"Vegetarian"},{"itemCode":"00020004","itemDescription":"Gluten Free"},{"itemCode":"00020012","itemDescription":"Non-GMO"}],"categoryTrees":[{"level0":"Fridge, Deli & Eggs","level1":"Cheese","level2":"Cream Cheese & Cottage Cheese"}],"cateredFlag":false,"algoliaAnalytics":{"searchQueryID":"d08a08baba1a55a736c6dad751f42b1b","searchPosition":223},"boughtBefore":false},{"productId":"5001623-EA-000","brand":"Purex","name":"Soft White 2 Ply Toilet Rolls","displayName":"4 x 200 sheets","availability":["IN_STORE","ONLINE"],"saleType":"UNITS","restrictedFlag":false,"liquorFlag":false,"tobaccoFlag":false,"originRegulated":false,"singlePrice":{"price":269,"comparativePrice":{"pricePerUnit":34,"unitQuantity":100,"unitQuantityUom":"sheets","measureDescription":"100 sheets"}},"categoryTrees":[{"level0":"Household & Cleaning","level1":"Toilet Paper, Tissues & Paper Towels","level2":"Toilet Paper"}],"cateredFlag":false,"algoliaAnalytics":{"searchQueryID":"d08a08baba1a55a736c6dad751f42b1b","searchPosition":224},"boughtBefore":false},{"productId":"5036437-EA-000","brand":"Doritos","name":"Cheese Supreme Corn Chips","displayName":"170g","availability":["IN_STORE","ONLINE"],"saleType":"UNITS","restrictedFlag":false,"liquorFlag":false,"tobaccoFlag":false,"originRegulated":false,"singlePrice":{"price":309,"comparativePrice":{"pricePerUnit":182,"unitQuantity":100,"unitQuantityUom":"g","measureDescription":"100g"}},"facets":[{"itemCode":"00020012","itemDescription":"Non-GMO"}],"categoryTrees":[{"level0":"Snacks, Treats & Easy Meals","level1":"Chips, Nuts & Snacks","level2":"Corn Chips & Salsa"},{"level0":"Pantry","level1":"Chips, Nuts & Snacks","level2":"Corn Chips & Salsa"}],"cateredFlag":false,"algoliaAnalytics":{"searchQueryID":"d08a08baba1a55a736c6dad751f42b1b","searchPosition":225},"boughtBefore":false},{"productId":"5040020-EA-000","name":"Gold Pineapple","displayName":"1pk","availability":["IN_STORE","ONLINE"],"saleType":"UNITS","restrictedFlag":false,"liquorFlag":false,"tobaccoFlag":false,"originRegulated":true,"originStatement":"Product of Costa Rica or Philippines","singlePrice":{"price":429},"categoryTrees":[{"level0":"Fruit & Vegetables","level1":"Fruit","level2":"Tropical & Exotic Fruit"}],"cateredFlag":false,"algoliaAnalytics":{"searchQueryID":"d08a08baba1a55a736c6dad751f42b1b","searchPosition":226},"boughtBefore":false},{"productId":"5001553-EA-000","brand":"Sprite","name":"Natural Flavour Soft Drink","displayName":"1.5l","availability":["IN_STORE","ONLINE"],"saleType":"UNITS","restrictedFlag":false,"liquorFlag":false,"tobaccoFlag":false,"originRegulated":false,"singlePrice":{"price":299,"comparativePrice":{"pricePerUnit":199,"unitQuantity":1,"unitQuantityUom":"L","measureDescription":"1L"}},"categoryTrees":[{"level0":"Hot & Cold Drinks","level1":"Soft Drinks & Mixers","level2":"Lemonade"}],"cateredFlag":false,"algoliaAnalytics":{"searchQueryID":"d08a08baba1a55a736c6dad751f42b1b","searchPosition":227},"boughtBefore":false},{"productId":"5005076-EA-000","brand":"Twix","name":"Chocolate Bar","displayName":"50g","availability":["IN_STORE","ONLINE"],"saleType":"UNITS","restrictedFlag":false,"liquorFlag":false,"tobaccoFlag":false,"originRegulated":false,"singlePrice":{"price":99,"comparativePrice":{"pricePerUnit":198,"unitQuantity":100,"unitQuantityUom":"g","measureDescription":"100g"}},"categoryTrees":[{"level0":"Snacks, Treats & Easy Meals","level1":"Chocolate, Sweets & Chewing Gum","level2":"Single Chocolate Bars & Sweets"},{"level0":"Pantry","level1":"Chocolate, Sweets & Chewing Gum","level2":"Single Chocolate Bars & Sweets"}],"cateredFlag":false,"algoliaAnalytics":{"searchQueryID":"d08a08baba1a55a736c6dad751f42b1b","searchPosition":228},"boughtBefore":false},{"productId":"5221249-EA-000","brand":"Copper Kettle","name":"Honey Soy Chicken Potato Chips","displayName":"150g","availability":["IN_STORE","ONLINE"],"saleType":"UNITS","restrictedFlag":false,"liquorFlag":false,"tobaccoFlag":false,"originRegulated":false,"singlePrice":{"price":275,"promoId":"129967122","comparativePrice":{"pricePerUnit":183,"unitQuantity":100,"unitQuantityUom":"g","measureDescription":"100g"}},"promotions":[{"promoId":"129967122","rewardValue":275,"decal":"6000","sapType":"BASE","rewardType":"NEW_PRICE","threshold":1,"limit":0,"multiProducts":false,"cardDependencyFlag":false,"bestPromotion":true,"comparativePrice":{"pricePerUnit":183,"unitQuantity":100,"unitQuantityUom":"g","measureDescription":"100g"}}],"facets":[{"itemCode":"00020012","itemDescription":"Non-GMO"},{"itemCode":"00020004","itemDescription":"Gluten Free"}],"categoryTrees":[{"level0":"Snacks, Treats & Easy Meals","level1":"Chips, Nuts & Snacks","level2":"Chips"},{"level0":"Pantry","level1":"Chips, Nuts & Snacks","level2":"Chips"}],"cateredFlag":false,"algoliaAnalytics":{"searchQueryID":"d08a08baba1a55a736c6dad751f42b1b","searchPosition":229},"boughtBefore":false},{"productId":"5002734-EA-000","brand":"Nestle","name":"Highlander Sweetened Condensed Milk Can","displayName":"395g","availability":["IN_STORE","ONLINE"],"saleType":"UNITS","restrictedFlag":false,"liquorFlag":false,"tobaccoFlag":false,"originRegulated":false,"singlePrice":{"price":399,"comparativePrice":{"pricePerUnit":101,"unitQuantity":100,"unitQuantityUom":"g","measureDescription":"100g"}},"facets":[{"itemCode":"00020014","itemDescription":"Vegetarian"},{"itemCode":"00020002","itemDescription":"Halal"}],"categoryTrees":[{"level0":"Pantry","level1":"Canned Foods & Packets","level2":"Condensed Milk & Reduced Cream"}],"cateredFlag":false,"algoliaAnalytics":{"searchQueryID":"d08a08baba1a55a736c6dad751f42b1b","searchPosition":230},"boughtBefore":false},{"productId":"5206566-EA-000","brand":"Yum Yum","name":"Chicken Instant Noodles","displayName":"5 x 60g","availability":["IN_STORE","ONLINE"],"saleType":"UNITS","restrictedFlag":false,"liquorFlag":false,"tobaccoFlag":false,"originRegulated":false,"singlePrice":{"price":220,"comparativePrice":{"pricePerUnit":73,"unitQuantity":100,"unitQuantityUom":"g","measureDescription":"100g"}},"categoryTrees":[{"level0":"Pantry","level1":"Pasta, Rice & Noodles","level2":"Instant Noodles"},{"level0":"Snacks, Treats & Easy Meals","level1":"Ready to Eat","level2":"Instant Rice & Noodle Meals"}],"cateredFlag":false,"algoliaAnalytics":{"searchQueryID":"d08a08baba1a55a736c6dad751f42b1b","searchPosition":231},"boughtBefore":false},{"productId":"5212777-EA-000","brand":"Anchor","name":"Protein+ Natural Unsweetened Greek Style Yoghurt","displayName":"950g","availability":["IN_STORE","ONLINE"],"saleType":"UNITS","restrictedFlag":false,"liquorFlag":false,"tobaccoFlag":false,"originRegulated":false,"singlePrice":{"price":699,"promoId":"129963793","comparativePrice":{"pricePerUnit":74,"unitQuantity":100,"unitQuantityUom":"g","measureDescription":"100g"}},"promotions":[{"promoId":"129963793","rewardValue":699,"decal":"6000","sapType":"BASE","rewardType":"NEW_PRICE","threshold":1,"limit":0,"multiProducts":false,"cardDependencyFlag":false,"bestPromotion":true,"comparativePrice":{"pricePerUnit":74,"unitQuantity":100,"unitQuantityUom":"g","measureDescription":"100g"}}],"facets":[{"itemCode":"00020009","itemDescription":"Low Fat"},{"itemCode":"00020012","itemDescription":"Non-GMO"}],"categoryTrees":[{"level0":"Fridge, Deli & Eggs","level1":"Yoghurt","level2":"Greek & Natural Yoghurt"},{"level0":"Fridge, Deli & Eggs","level1":"Yoghurt","level2":"Protein & Probiotic Yoghurt"}],"cateredFlag":false,"algoliaAnalytics":{"searchQueryID":"d08a08baba1a55a736c6dad751f42b1b","searchPosition":232},"boughtBefore":false},{"productId":"5260093-EA-000","brand":"Handee","name":"Ultra Double Length 2 Ply Paper Towels","displayName":"2 x 120 sheets","availability":["IN_STORE","ONLINE"],"saleType":"UNITS","restrictedFlag":false,"liquorFlag":false,"tobaccoFlag":false,"originRegulated":false,"singlePrice":{"price":619,"comparativePrice":{"pricePerUnit":258,"unitQuantity":100,"unitQuantityUom":"sheets","measureDescription":"100 sheets"}},"categoryTrees":[{"level0":"Household & Cleaning","level1":"Toilet Paper, Tissues & Paper Towels","level2":"Paper Towels"}],"cateredFlag":false,"algoliaAnalytics":{"searchQueryID":"d08a08baba1a55a736c6dad751f42b1b","searchPosition":233},"boughtBefore":false},{"productId":"5003874-EA-000","brand":"Pams","name":"Tomato Sauce","displayName":"575g","availability":["IN_STORE","ONLINE"],"saleType":"UNITS","restrictedFlag":false,"liquorFlag":false,"tobaccoFlag":false,"originRegulated":false,"singlePrice":{"price":159,"comparativePrice":{"pricePerUnit":28,"unitQuantity":100,"unitQuantityUom":"g","measureDescription":"100g"}},"facets":[{"itemCode":"00020004","itemDescription":"Gluten Free"},{"itemCode":"00020007","itemDescription":"Dairy Free"},{"itemCode":"00020002","itemDescription":"Halal"},{"itemCode":"00020012","itemDescription":"Non-GMO"}],"categoryTrees":[{"level0":"Pantry","level1":"Table Sauces, Dressings & Condiments","level2":"Tomato Sauce"},{"level0":"Featured","level1":"Pams","level2":"Sauces, Stock & Marinades"}],"cateredFlag":false,"algoliaAnalytics":{"searchQueryID":"d08a08baba1a55a736c6dad751f42b1b","searchPosition":234},"boughtBefore":false},{"productId":"5002021-EA-000","brand":"Chupa Chups","name":"Original Lollypop","displayName":"12g","availability":["IN_STORE","ONLINE"],"saleType":"UNITS","restrictedFlag":false,"liquorFlag":false,"tobaccoFlag":false,"originRegulated":false,"singlePrice":{"price":59,"comparativePrice":{"pricePerUnit":492,"unitQuantity":100,"unitQuantityUom":"g","measureDescription":"100g"}},"categoryTrees":[{"level0":"Snacks, Treats & Easy Meals","level1":"Chocolate, Sweets & Chewing Gum","level2":"Single Chocolate Bars & Sweets"},{"level0":"Pantry","level1":"Chocolate, Sweets & Chewing Gum","level2":"Single Chocolate Bars & Sweets"}],"cateredFlag":false,"algoliaAnalytics":{"searchQueryID":"d08a08baba1a55a736c6dad751f42b1b","searchPosition":235},"boughtBefore":false},{"productId":"5017468-EA-000","brand":"Doritos","name":"Thai Sweet Chilli Corn Chips","displayName":"300g","availability":["IN_STORE","ONLINE"],"saleType":"UNITS","restrictedFlag":false,"liquorFlag":false,"tobaccoFlag":false,"originRegulated":false,"singlePrice":{"price":399,"comparativePrice":{"pricePerUnit":133,"unitQuantity":100,"unitQuantityUom":"g","measureDescription":"100g"}},"facets":[{"itemCode":"00020012","itemDescription":"Non-GMO"}],"categoryTrees":[{"level0":"Snacks, Treats & Easy Meals","level1":"Chips, Nuts & Snacks","level2":"Corn Chips & Salsa"},{"level0":"Pantry","level1":"Chips, Nuts & Snacks","level2":"Corn Chips & Salsa"}],"cateredFlag":false,"algoliaAnalytics":{"searchQueryID":"d08a08baba1a55a736c6dad751f42b1b","searchPosition":236},"boughtBefore":false},{"productId":"5017804-EA-000","brand":"Rolling Meadow","name":"Mozzarella Grated Cheese","displayName":"500g","availability":["IN_STORE","ONLINE"],"saleType":"UNITS","restrictedFlag":false,"liquorFlag":false,"tobaccoFlag":false,"originRegulated":false,"singlePrice":{"price":999,"comparativePrice":{"pricePerUnit":200,"unitQuantity":100,"unitQuantityUom":"g","measureDescription":"100g"}},"facets":[{"itemCode":"00020002","itemDescription":"Halal"},{"itemCode":"00020004","itemDescription":"Gluten Free"},{"itemCode":"00020012","itemDescription":"Non-GMO"},{"itemCode":"00020014","itemDescription":"Vegetarian"}],"categoryTrees":[{"level0":"Fridge, Deli & Eggs","level1":"Cheese","level2":"Halloumi, Mozzarella & Parmesan"},{"level0":"Fridge, Deli & Eggs","level1":"Cheese","level2":"Grated Cheese"}],"cateredFlag":false,"algoliaAnalytics":{"searchQueryID":"d08a08baba1a55a736c6dad751f42b1b","searchPosition":237},"boughtBefore":false},{"productId":"5009791-EA-000","brand":"Sealord","name":"Chunky Style Tuna In Spring Water","displayName":"185g","availability":["IN_STORE","ONLINE"],"saleType":"UNITS","restrictedFlag":false,"liquorFlag":false,"tobaccoFlag":false,"originRegulated":false,"singlePrice":{"price":289,"promoId":"129988687","comparativePrice":{"pricePerUnit":1562,"unitQuantity":1,"unitQuantityUom":"kg","measureDescription":"1kg"}},"promotions":[{"promoId":"129988691","rewardValue":500,"decal":"6000","sapType":"LAYERED","rewardType":"NEW_PRICE","threshold":2,"multiProducts":true,"cardDependencyFlag":false,"bestPromotion":true,"comparativePrice":{"pricePerUnit":1351,"unitQuantity":1,"unitQuantityUom":"kg","measureDescription":"1kg"}}],"facets":[{"itemCode":"00020012","itemDescription":"Non-GMO"}],"categoryTrees":[{"level0":"Pantry","level1":"Canned Foods & Packets","level2":"Canned Tuna"},{"level0":"$5 Week 1","level1":"$5 Week 1","level2":"Deals","webContent":{"badgeSmallUrl":"","badgeMediumUrl":"","badgeLargeUrl":"","title":"","subTitle":"","campaignUrl":""},"appContent":{"badgeSmallUrl":"","badgeMediumUrl":"","badgeLargeUrl":"","title":"","subTitle":"","campaignUrl":""}}],"cateredFlag":false,"algoliaAnalytics":{"searchQueryID":"d08a08baba1a55a736c6dad751f42b1b","searchPosition":238},"boughtBefore":false},{"productId":"5002727-EA-000","brand":"Anchor","name":"Blue UHT Milk","displayName":"1l","availability":["IN_STORE","ONLINE"],"saleType":"UNITS","restrictedFlag":false,"liquorFlag":false,"tobaccoFlag":false,"originRegulated":false,"singlePrice":{"price":369,"comparativePrice":{"pricePerUnit":369,"unitQuantity":1,"unitQuantityUom":"L","measureDescription":"1L"}},"facets":[{"itemCode":"00020012","itemDescription":"Non-GMO"}],"categoryTrees":[{"level0":"Fridge, Deli & Eggs","level1":"Milk","level2":"UHT Milk & Milk Powder"},{"level0":"Pantry","level1":"Long Life & Dairy Free Milk","level2":"UHT Milk & Milk Powder"}],"cateredFlag":false,"algoliaAnalytics":{"searchQueryID":"d08a08baba1a55a736c6dad751f42b1b","searchPosition":239},"boughtBefore":false},{"productId":"5007555-EA-000","brand":"Pepsi Max","name":"Soft Drink","displayName":"1.5l","availability":["IN_STORE","ONLINE"],"saleType":"UNITS","restrictedFlag":false,"liquorFlag":false,"tobaccoFlag":false,"originRegulated":false,"singlePrice":{"price":249,"promoId":"130029703","comparativePrice":{"pricePerUnit":166,"unitQuantity":1,"unitQuantityUom":"L","measureDescription":"1L"}},"promotions":[{"promoId":"130029703","rewardValue":249,"decal":"6000","sapType":"BASE","rewardType":"NEW_PRICE","threshold":1,"limit":0,"multiProducts":false,"cardDependencyFlag":false,"bestPromotion":true,"comparativePrice":{"pricePerUnit":166,"unitQuantity":1,"unitQuantityUom":"L","measureDescription":"1L"}}],"facets":[{"itemCode":"00020012","itemDescription":"Non-GMO"},{"itemCode":"00020011","itemDescription":"Low Sugar"}],"categoryTrees":[{"level0":"Hot & Cold Drinks","level1":"Soft Drinks & Mixers","level2":"Cola"},{"level0":"Hot & Cold Drinks","level1":"Soft Drinks & Mixers","level2":"Diet & Zero Sugar Soft Drinks"}],"cateredFlag":false,"algoliaAnalytics":{"searchQueryID":"d08a08baba1a55a736c6dad751f42b1b","searchPosition":240},"boughtBefore":false},{"productId":"5118178-EA-000","name":"Ciabatta Buns","displayName":"6pk","availability":["IN_STORE","ONLINE"],"saleType":"UNITS","restrictedFlag":false,"liquorFlag":false,"tobaccoFlag":false,"originRegulated":false,"singlePrice":{"price":500,"comparativePrice":{"pricePerUnit":83,"unitQuantity":1,"unitQuantityUom":"ea","measureDescription":"ea"}},"categoryTrees":[{"level0":"Bakery","level1":"In-Store Bakery","level2":"Fresh Bread Rolls & Buns"}],"cateredFlag":false,"algoliaAnalytics":{"searchQueryID":"d08a08baba1a55a736c6dad751f42b1b","searchPosition":241},"boughtBefore":false},{"productId":"5001031-EA-000","brand":"Meadowlea","name":"Original Spread","displayName":"500g","availability":["IN_STORE","ONLINE"],"saleType":"UNITS","restrictedFlag":false,"liquorFlag":false,"tobaccoFlag":false,"originRegulated":false,"singlePrice":{"price":339,"comparativePrice":{"pricePerUnit":68,"unitQuantity":100,"unitQuantityUom":"g","measureDescription":"100g"}},"facets":[{"itemCode":"00020012","itemDescription":"Non-GMO"}],"categoryTrees":[{"level0":"Fridge, Deli & Eggs","level1":"Butter & Margarine","level2":"Margarine & Spreads"}],"cateredFlag":false,"algoliaAnalytics":{"searchQueryID":"d08a08baba1a55a736c6dad751f42b1b","searchPosition":242},"boughtBefore":false},{"productId":"5010693-EA-000","brand":"Anchor","name":"Calci-Yum Chocolate Flavour Milk","displayName":"250ml","availability":["IN_STORE","ONLINE"],"saleType":"UNITS","restrictedFlag":false,"liquorFlag":false,"tobaccoFlag":false,"originRegulated":false,"singlePrice":{"price":79,"comparativePrice":{"pricePerUnit":316,"unitQuantity":1,"unitQuantityUom":"L","measureDescription":"1L"}},"facets":[{"itemCode":"00020009","itemDescription":"Low Fat"},{"itemCode":"00020012","itemDescription":"Non-GMO"}],"categoryTrees":[{"level0":"Hot & Cold Drinks","level1":"Hot Chocolate & Milk Drinks","level2":"Flavoured Milk"},{"level0":"Fridge, Deli & Eggs","level1":"Milk","level2":"Flavoured Milk & Iced Coffee"}],"cateredFlag":false,"algoliaAnalytics":{"searchQueryID":"d08a08baba1a55a736c6dad751f42b1b","searchPosition":243},"boughtBefore":false},{"productId":"5004346-EA-000","brand":"Galaxy","name":"Mild & Creamy Brie Cheese","displayName":"125g","availability":["IN_STORE","ONLINE"],"saleType":"UNITS","restrictedFlag":false,"liquorFlag":false,"tobaccoFlag":false,"originRegulated":false,"singlePrice":{"price":359,"promoId":"129978222","comparativePrice":{"pricePerUnit":287,"unitQuantity":100,"unitQuantityUom":"g","measureDescription":"100g"}},"promotions":[{"promoId":"129978222","rewardValue":359,"decal":"6000","sapType":"BASE","rewardType":"NEW_PRICE","threshold":1,"limit":0,"multiProducts":false,"cardDependencyFlag":false,"bestPromotion":true,"comparativePrice":{"pricePerUnit":287,"unitQuantity":100,"unitQuantityUom":"g","measureDescription":"100g"}}],"facets":[{"itemCode":"00020012","itemDescription":"Non-GMO"}],"categoryTrees":[{"level0":"Fridge, Deli & Eggs","level1":"Cheese","level2":"Brie & Camembert"}],"cateredFlag":false,"algoliaAnalytics":{"searchQueryID":"d08a08baba1a55a736c6dad751f42b1b","searchPosition":244},"boughtBefore":false},{"productId":"5028901-EA-000","brand":"Pacific Crown","name":"Mackerel In Tomato Sauce","displayName":"425g","availability":["IN_STORE","ONLINE"],"saleType":"UNITS","restrictedFlag":false,"liquorFlag":false,"tobaccoFlag":false,"originRegulated":false,"singlePrice":{"price":249,"comparativePrice":{"pricePerUnit":586,"unitQuantity":1,"unitQuantityUom":"kg","measureDescription":"1kg"}},"categoryTrees":[{"level0":"Pantry","level1":"Canned Foods & Packets","level2":"Canned Salmon & Other Seafood"}],"cateredFlag":false,"algoliaAnalytics":{"searchQueryID":"d08a08baba1a55a736c6dad751f42b1b","searchPosition":245},"boughtBefore":false},{"productId":"5003955-EA-000","brand":"Pams","name":"Straight Cut Fries","displayName":"1kg","availability":["IN_STORE","ONLINE"],"saleType":"UNITS","restrictedFlag":false,"liquorFlag":false,"tobaccoFlag":false,"originRegulated":false,"singlePrice":{"price":289,"comparativePrice":{"pricePerUnit":289,"unitQuantity":1,"unitQuantityUom":"kg","measureDescription":"1kg"}},"facets":[{"itemCode":"00020007","itemDescription":"Dairy Free"},{"itemCode":"00020012","itemDescription":"Non-GMO"},{"itemCode":"00020011","itemDescription":"Low Sugar"}],"categoryTrees":[{"level0":"Frozen","level1":"Frozen Chips & Hash Browns","level2":"Frozen Chips & Wedges"},{"level0":"Featured","level1":"Pams","level2":"Frozen Foods"}],"cateredFlag":false,"algoliaAnalytics":{"searchQueryID":"d08a08baba1a55a736c6dad751f42b1b","searchPosition":246},"boughtBefore":false},{"productId":"5003721-EA-000","brand":"Pams","name":"Sweetened Condensed Milk","displayName":"395g","availability":["IN_STORE","ONLINE"],"saleType":"UNITS","restrictedFlag":false,"liquorFlag":false,"tobaccoFlag":false,"originRegulated":false,"singlePrice":{"price":299,"comparativePrice":{"pricePerUnit":76,"unitQuantity":100,"unitQuantityUom":"g","measureDescription":"100g"}},"facets":[{"itemCode":"00020012","itemDescription":"Non-GMO"}],"categoryTrees":[{"level0":"Pantry","level1":"Canned Foods & Packets","level2":"Condensed Milk & Reduced Cream"},{"level0":"Featured","level1":"Pams","level2":"Canned & Prepared Foods"}],"cateredFlag":false,"algoliaAnalytics":{"searchQueryID":"d08a08baba1a55a736c6dad751f42b1b","searchPosition":247},"boughtBefore":false},{"productId":"5013065-EA-000","brand":"Nature's Fresh","name":"Wheatmeal Toast Bread","displayName":"700g","availability":["IN_STORE","ONLINE"],"saleType":"UNITS","restrictedFlag":false,"liquorFlag":false,"tobaccoFlag":false,"originRegulated":false,"singlePrice":{"price":359,"comparativePrice":{"pricePerUnit":51,"unitQuantity":100,"unitQuantityUom":"g","measureDescription":"100g"}},"facets":[{"itemCode":"00020012","itemDescription":"Non-GMO"}],"categoryTrees":[{"level0":"Bakery","level1":"Sliced & Packaged Bread","level2":"Wholemeal, Grain & Seeded Bread"}],"cateredFlag":false,"algoliaAnalytics":{"searchQueryID":"d08a08baba1a55a736c6dad751f42b1b","searchPosition":248},"boughtBefore":false},{"productId":"5007259-EA-000","brand":"Pams","name":"Smoked Flavoured Tuna","displayName":"95g","availability":["IN_STORE","ONLINE"],"saleType":"UNITS","restrictedFlag":false,"liquorFlag":false,"tobaccoFlag":false,"originRegulated":false,"singlePrice":{"price":130,"comparativePrice":{"pricePerUnit":1368,"unitQuantity":1,"unitQuantityUom":"kg","measureDescription":"1kg"}},"facets":[{"itemCode":"00020004","itemDescription":"Gluten Free"},{"itemCode":"00020012","itemDescription":"Non-GMO"}],"categoryTrees":[{"level0":"Pantry","level1":"Canned Foods & Packets","level2":"Canned Tuna"},{"level0":"Featured","level1":"Pams","level2":"Canned & Prepared Foods"}],"cateredFlag":false,"algoliaAnalytics":{"searchQueryID":"d08a08baba1a55a736c6dad751f42b1b","searchPosition":249},"boughtBefore":false},{"productId":"5232127-EA-000","brand":"Pams Value","name":"Citrus Dishwash Liquid","displayName":"2l","availability":["IN_STORE","ONLINE"],"saleType":"UNITS","restrictedFlag":false,"liquorFlag":false,"tobaccoFlag":false,"originRegulated":false,"singlePrice":{"price":369,"comparativePrice":{"pricePerUnit":18,"unitQuantity":100,"unitQuantityUom":"ml","measureDescription":"100ml"}},"facets":[{"itemCode":"00020012","itemDescription":"Non-GMO"}],"categoryTrees":[{"level0":"Household & Cleaning","level1":"Dishwashing","level2":"Dishwashing Liquid"}],"cateredFlag":false,"algoliaAnalytics":{"searchQueryID":"d08a08baba1a55a736c6dad751f42b1b","searchPosition":250},"boughtBefore":false}],"algoliaSearchResult":{"facets":{"brand":{"Pams":809,"Wattie's":155,"Mrs Rogers":111,"Colgate":90,"Anchor":81,"Korbond":81,"Healtheries":80,"Tip Top":72,"Hellers":64,"VitaPet":63,"Gregg's":60,"Value":60,"Ceres Organics":56,"Continental":52,"Dettol":52,"Tasti":52,"Mainland":51,"Griffin's":50,"Maggi":50,"Pams Value":50,"Nivea":49,"Red Seal":49,"Dove":48,"Barker's":47,"Meadow Fresh":47,"Musashi":46,"Huggies":44,"Nestle":43,"Nescafe":41,"Palmolive":40,"McCain":39,"Bic":38,"Masterfoods":37,"Mother Earth":36,"Cadbury":35,"Delmaine":34,"Kellogg's":34,"Heinz":33,"Sealord":33,"Graze":31,"Lewis Road Creamery":31,"Sistema":31,"Whittaker's":31,"Chux":30,"Edmonds":30,"Jed's Coffee Co.":30,"The Collective":30,"Pams Finest":29,"Avalanche":28,"Bundaberg":28,"Energizer":28,"Whiskas":28,"Big Black Sacks":27,"Bluebird":27,"Glow Lab":27,"Kapiti":27,"Palmolive Naturals":27,"Arnott's":26,"Diamond":26,"Fresh To Go":26,"Hubbards":26,"Lindt":26,"Schweppes":26,"Farrah's":25,"Moccona":25,"Old El Paso":25,"Persil":25,"Philips":25,"Best":24,"Chef":24,"Fresh 'n Fruity":24,"Schick":24,"Tegel":24,"Eta":23,"Purina Fancy Feast":23,"Surv":23,"Dairyworks":22,"Dine":22,"Ecostore":22,"Harpic":22,"North Head":22,"San Remo":22,"Head & Shoulders":21,"John West":21,"Lee Kum Kee":21,"Rascals":21,"V":21,"Verkerks":21,"Chelsea":20,"Jacob's Creek":20,"Leggo's":20,"Only Organic":20,"Sanitarium Up & Go":20,"U By Kotex":20,"Campbell's":19,"Eveready":19,"Magnum":19,"Nivea Men":19,"Poise":19,"Schwarzkopf Extra Care":19},"tobacco":{"false":9994},"category1NI":{"Chips, Nuts & Snacks":445,"Canned Foods & Packets":347,"Pams":344,"Biscuits & Crackers":304,"Back to School":290,"Chocolate, Sweets & Chewing Gum":288,"Cooking Sauces, Stocks & Marinades":274,"Hair Care":265,"Stationery & Entertainment":257,"Cheese":238,"Lunchbox Snacks":235,"Spices, Seasoning & Coatings":234,"Baking Supplies & Sugar":231,"Coffee":226,"Table Sauces, Dressings & Condiments":225,"Pasta, Rice & Noodles":224,"Cat":213,"Ice Cream & Sorbet":204,"Yoghurt":202,"Cleaning & Accessories":199,"Easy Meals & Meal Kits":176,"Deli Meats & Smoked Fish":169,"Homewares":165,"Food Wrap, Storage & Bags":163,"Dental & Oral Care":159,"Bath, Shower & Soap":157,"Red Wine":156,"Dog":151,"Soft Drinks & Mixers":148,"Breakfast Cereals":146,"Skin Care & Sun Care":143,"Deli Meats":137,"Laundry":134,"White Wine":130,"Medical & First Aid":125,"$5 Week 1":117,"Juice & Smoothies":111,"Period & Continence Care":111,"World Foods":111,"Vegetables":107,"Dips, Hummus & Antipasti":103,"Vitamins & Supplements":101,"Milk":98,"Deodorant & Body Sprays":97,"Ready to Eat":95,"Batteries & Electrical":93,"Jams, Honey & Spreads":93,"Beer":92,"Tea":91,"Sports & Energy Drinks":90,"Bulk Foods":86,"Desserts":86,"Nappies & Changing":83,"Chilled Soups & Ready Meals":80,"Frozen Chicken & Meat":76,"Garage & Outdoor":76,"Baby & Toddler Food":74,"Sliced & Packaged Bread":72,"Kitchen Cleaners":71,"Cakes, Muffins & Desserts":67,"Hot Chocolate & Milk Drinks":67,"Shaving & Hair Removal":65,"Frozen Fish & Seafood":64,"Bathroom & Toilet Cleaners":61,"Fresh Salad & Herbs":61,"Sports Nutrition & Weight Management":60,"Frozen Vegetables":57,"In-Store Bakery":57,"Oil & Vinegar":56,"Frozen Dumplings, Pies & Snacks":53,"Dishwashing":52,"Frozen Pizza & Ready Meals":52,"Wraps, Pita & Flat Bread":50,"Butter & Margarine":48,"Frozen Fruit & Desserts":46,"Pest & Insect Control":46,"Syrups, Cordials & Powdered Drinks":46,"Long Life & Dairy Free Milk":45,"Chilled Pasta, Pizza & Garlic Bread":43,"Baby & Toddler Toiletries":41,"Toilet Paper, Tissues & Paper Towels":40,"Mince, Sausages & Meatballs":39,"Rose Wine":39,"Seafood":39,"Champagne & Sparkling Wine":38,"Baby Formula":37,"Frozen Chips & Hash Browns":36,"Fruit":36,"Bagels, Crumpets & Pancakes":35,"Cream, Custard & Desserts":34,"Craft Beer":31,"Water":31,"Chicken & Poultry":30,"Kombucha & Functional Drinks":29,"Clothing & Accessories":28,"Nursing & Feeding":28,"Alcohol Free Drinks":27,"Burger Buns, Rolls & Garlic Bread":26,"Cider":24,"Frozen Pastry & Bread":23},"onPromotion":{"61dd754e-8525-4b9e-9e08-173389eea8a8":2714,"c3f9e1a3-fc34-452d-af2e-95349e666ba4":2702,"715f0e22-95e0-45ce-af3a-07057209976e":2698,"4a279605-eaa8-470d-bcd4-0a9e3c9ab43b":2685,"5cf0392f-c187-4fc4-a463-eb269d2e8f45":2660,"90082979-fb9f-4305-9c72-83274fc438cc":2656,"b29a98bd-749c-489c-9eef-6aa38e66a29b":2631,"2ed73be8-936d-4f35-9398-75a707f40a7b":2560,"dbca5e00-f7f9-43ae-91de-031ad16f8a92":2548,"be4c4780-218e-425a-a90f-63e21773572b":2538,"8cd700ae-d96f-4761-bd7a-805d6b93536d":2460,"d8032da3-c1b9-456e-b626-41ce21f8c67b":2401,"3c5e3145-0767-4066-9349-6c0a1313acc5":2383,"bdc5ef4a-c6a7-4f8a-b8cb-28109e6d61c3":2266,"2a1b331a-fc4a-496a-b072-e97cc8f70cae":2066,"d6d39eea-889d-4e20-923c-55cab225cf7f":2060,"c2204dae-579e-4b6b-9d42-2e13ceaa6031":2057,"65defcf2-bc15-490e-a84f-1f13b769cd22":2047,"8f0d70be-5cb7-464b-99cb-8b0130671895":2024,"b92cc33f-b5a8-4b57-9b82-412946800020":1977,"3404c253-577f-45ca-b301-c98312e46efb":1965,"c0f80e87-16be-4488-9553-da437e8c6c2a":1954,"6e6809dd-01bc-45c9-aab1-f01ccd8338b0":1952,"3bfe040b-f0c9-45e0-949b-b9ad5a591d55":1940,"92086ded-a55d-4241-a364-7d7ea91531b4":1937,"48dd98cc-a757-4102-b15d-ea82b4b10571":1931,"49037947-e450-49bf-ba1f-a94551c79a72":1915,"21ecaaed-0749-4492-985e-4bb7ba43d59c":1903,"3bb30799-82ce-4648-8c02-5113228963ed":1895,"01a114de-149c-4f5f-80a1-90cc63f69c6e":1886,"c180a72d-5dbe-4403-b7c7-91655e505492":1877,"714431ab-6e39-4df6-ac77-cfc5c1e25bc8":1864,"e1925ea7-01bc-4358-ae7c-c6502da5ab12":1860,"64eab5b1-8d79-45f4-94f1-02b8cf8b6202":1857,"1c388d5e-29ac-4956-b476-cb3431353d2e":1852,"5f167936-79ae-4f6a-b9d2-74afe1bb096b":1845,"d1cd1fdd-8767-46a6-a8d3-c3e0632c2dc8":1845,"b2e98a14-c8ca-401e-99ed-edf74570c6f6":1838,"af385423-d0f1-41f0-9482-ffd10b745143":1829,"6cda96e1-7d29-44a6-956b-3fcfdecc8184":1820,"529d66cc-60e3-432e-b8d1-efc9f2ec4919":1815,"4fcc1c8e-cc5e-4675-ba25-5e56b579cf69":1800,"7d48a781-4f68-4c91-a908-8659e1b22f95":1773,"53989945-1a28-481d-a61c-d6f75f760ada":1767,"60561e46-ece7-43a7-b142-9b14812586e4":1765,"9cd8eb60-3222-4efc-bd7c-50e03e6a81a4":1761,"33d8d6fc-861a-45ff-9937-5ccdb55eaede":1756,"15e6f441-5c1c-4d25-b4ec-1adf918c49c7":1746,"98ec3885-ac93-4fcb-807b-59c9055c52c4":1730,"94ef1985-cab1-4b39-a2f3-230120f03c16":1727,"a7d09522-bee2-41e4-8fe0-0b82b7f342f5":1712,"6c73764e-b8e6-4e55-ad37-f6a9d207da1f":1700,"b83029b6-5dd5-449e-8056-26f3943a4e18":1699,"50b1216b-d066-4457-b88b-9bccf97bf6d3":1684,"3e82142c-78dc-46f3-82ec-28e65fcf84c9":1614,"b39562a4-2b72-43fe-b9ba-eda1d651ad0b":1577,"076e8177-943b-41fc-a885-ba3d28297acf":1534},"productFacets":{"Non-GMO":4194,"Gluten Free":1186,"Dairy Free":518,"Vegetarian":461,"Low Fat":431,"Vegan":397,"Low Sugar":355,"Organic":260,"Halal":229,"Free Range":100,"Cage Free":47,"Keto":27,"Low Salt":24,"Healthy Heart Tick":1}}},"algoliaFacetQueriesResults":[],"totalHits":1000,"page":4,"totalPages":20,"hitsPerPage":50},
{"tobaccoProducts":false,"products":[{"productId":"5002077-EA-000","brand":"Oak","name":"Spaghetti In Tomato Sauce","displayName":"420g","availability":["IN_STORE","ONLINE"],"saleType":"UNITS","restrictedFlag":false,"liquorFlag":false,"tobaccoFlag":false,"originRegulated":false,"singlePrice":{"price":119,"promoId":"129966120","comparativePrice":{"pricePerUnit":28,"unitQuantity":100,"unitQuantityUom":"g","measureDescription":"100g"}},"promotions":[{"promoId":"129966120","rewardValue":119,"decal":"6000","sapType":"BASE","rewardType":"NEW_PRICE","threshold":1,"limit":0,"multiProducts":false,"cardDependencyFlag":false,"bestPromotion":true,"comparativePrice":{"pricePerUnit":28,"unitQuantity":100,"unitQuantityUom":"g","measureDescription":"100g"}}],"facets":[{"itemCode":"00020012","itemDescription":"Non-GMO"}],"categoryTrees":[{"level0":"Pantry","level1":"Canned Foods & Packets","level2":"Baked Beans & Spaghetti"}],"cateredFlag":false,"algoliaAnalytics":{"searchQueryID":"cb25a304491bf67b84f12d46fdcecef4","searchPosition":151},"boughtBefore":false},{"productId":"5019277-EA-000","brand":"Country Pride","name":"Shaved Leg Ham","displayName":"200g","availability":["IN_STORE","ONLINE"],"saleType":"UNITS","restrictedFlag":false,"liquorFlag":false,"tobaccoFlag":false,"originRegulated":true,"originStatement":"Made in New Zealand from imported and local ingredients. Pork butchered in the following countries may have been used in the production of this product: Australia, Canada, Denmark, Germany, Ireland, New Zealand, Poland, Spain, Sweden, United States of America. These countries may not always reflect the country the animal has been raised in.","singlePrice":{"price":379,"promoId":"129978332","comparativePrice":{"pricePerUnit":1895,"unitQuantity":1,"unitQuantityUom":"kg","measureDescription":"1kg"}},"promotions":[{"promoId":"129978332","rewardValue":379,"decal":"6000","sapType":"BASE","rewardType":"NEW_PRICE","threshold":1,"limit":0,"multiProducts":false,"cardDependencyFlag":false,"bestPromotion":true,"comparativePrice":{"pricePerUnit":1895,"unitQuantity":1,"unitQuantityUom":"kg","measureDescription":"1kg"}}],"facets":[{"itemCode":"00020004","itemDescription":"Gluten Free"}],"categoryTrees":[{"level0":"Fridge, Deli & Eggs","level1":"Deli Meats & Smoked Fish","level2":"Ham & Pork Slices"},{"level0":"Meat, Poultry & Seafood","level1":"Deli Meats","level2":"Ham & Pork Slices"}],"cateredFlag":false,"algoliaAnalytics":{"searchQueryID":"cb25a304491bf67b84f12d46fdcecef4","searchPosition":152},"boughtBefore":false},{"productId":"5012553-EA-000","brand":"Bouton d'or","name":"Feta Cheese","displayName":"200g","availability":["IN_STORE","ONLINE"],"saleType":"UNITS","restrictedFlag":false,"liquorFlag":false,"tobaccoFlag":false,"originRegulated":false,"singlePrice":{"price":569,"comparativePrice":{"pricePerUnit":285,"unitQuantity":100,"unitQuantityUom":"g","measureDescription":"100g"}},"facets":[{"itemCode":"00020012","itemDescription":"Non-GMO"},{"itemCode":"00020004","itemDescription":"Gluten Free"}],"categoryTrees":[{"level0":"Fridge, Deli & Eggs","level1":"Cheese","level2":"Feta & Goats Cheese"}],"cateredFlag":false,"algoliaAnalytics":{"searchQueryID":"cb25a304491bf67b84f12d46fdcecef4","searchPosition":153},"boughtBefore":false},{"productId":"5003963-EA-000","brand":"Pams","name":"Crinkle Cut Fries","displayName":"1kg","availability":["IN_STORE","ONLINE"],"saleType":"UNITS","restrictedFlag":false,"liquorFlag":false,"tobaccoFlag":false,"originRegulated":false,"singlePrice":{"price":289,"comparativePrice":{"pricePerUnit":289,"unitQuantity":1,"unitQuantityUom":"kg","measureDescription":"1kg"}},"facets":[{"itemCode":"00020012","itemDescription":"Non-GMO"},{"itemCode":"00020007","itemDescription":"Dairy Free"}],"categoryTrees":[{"level0":"Frozen","level1":"Frozen Chips & Hash Browns","level2":"Frozen Chips & Wedges"},{"level0":"Featured","level1":"Pams","level2":"Frozen Foods"}],"cateredFlag":false,"algoliaAnalytics":{"searchQueryID":"cb25a304491bf67b84f12d46fdcecef4","searchPosition":154},"boughtBefore":false},{"productId":"5003623-EA-000","brand":"Schweppes","name":"Sparkling Duet Orange & Lemon Soft Drink","displayName":"1.5l","availability":["IN_STORE","ONLINE"],"saleType":"UNITS","restrictedFlag":false,"liquorFlag":false,"tobaccoFlag":false,"originRegulated":false,"singlePrice":{"price":159,"comparativePrice":{"pricePerUnit":106,"unitQuantity":1,"unitQuantityUom":"L","measureDescription":"1L"}},"facets":[{"itemCode":"00020012","itemDescription":"Non-GMO"}],"categoryTrees":[{"level0":"Hot & Cold Drinks","level1":"Soft Drinks & Mixers","level2":"Other Soft Drinks"}],"cateredFlag":false,"algoliaAnalytics":{"searchQueryID":"cb25a304491bf67b84f12d46fdcecef4","searchPosition":155},"boughtBefore":false},{"productId":"5046651-KGM-000","name":"Crown Cut Pumpkin","displayName":"kg","availability":["IN_STORE","ONLINE"],"saleType":"BOTH","restrictedFlag":false,"liquorFlag":false,"tobaccoFlag":false,"originRegulated":true,"originStatement":"Product of New Zealand","variableWeight":{"unitOfMeasure":"g","averageWeight":880,"minOrderQuantity":800,"stepSize":250,"stepUnitOfMeasure":"g"},"singlePrice":{"price":399,"comparativePrice":{"pricePerUnit":399,"unitQuantity":1,"unitQuantityUom":"kg","measureDescription":"1kg"}},"categoryTrees":[{"level0":"Fruit & Vegetables","level1":"Vegetables","level2":"Pumpkins & Squash"},{"level0":"Fruit & Vegetables","level1":"Vegetables","level2":"Cut & Prepared Vegetables"},{"level0":"Snacks, Treats & Easy Meals","level1":"Ready to Eat","level2":"Fresh Cut Fruit & Vegetables"}],"cateredFlag":false,"algoliaAnalytics":{"searchQueryID":"cb25a304491bf67b84f12d46fdcecef4","searchPosition":156},"boughtBefore":false},{"productId":"5003309-EA-000","brand":"Griffin's","name":"Super Wine Biscuits","displayName":"250g","availability":["IN_STORE","ONLINE"],"saleType":"UNITS","restrictedFlag":false,"liquorFlag":false,"tobaccoFlag":false,"originRegulated":false,"singlePrice":{"price":299,"promoId":"130008225","comparativePrice":{"pricePerUnit":120,"unitQuantity":100,"unitQuantityUom":"g","measureDescription":"100g"}},"promotions":[{"promoId":"130008224","rewardValue":550,"decal":"6000","sapType":"LAYERED","rewardType":"NEW_PRICE","threshold":2,"multiProducts":true,"cardDependencyFlag":false,"bestPromotion":true,"comparativePrice":{"pricePerUnit":110,"unitQuantity":100,"unitQuantityUom":"g","measureDescription":"100g"}}],"facets":[{"itemCode":"00020012","itemDescription":"Non-GMO"}],"categoryTrees":[{"level0":"Pantry","level1":"Biscuits & Crackers","level2":"Plain Biscuits"}],"cateredFlag":false,"algoliaAnalytics":{"searchQueryID":"cb25a304491bf67b84f12d46fdcecef4","searchPosition":157},"boughtBefore":false},{"productId":"5007217-EA-000","brand":"Gopala","name":"Natural Full Cream Yoghurt","displayName":"750g","availability":["IN_STORE","ONLINE"],"saleType":"UNITS","restrictedFlag":false,"liquorFlag":false,"tobaccoFlag":false,"originRegulated":false,"singlePrice":{"price":329,"comparativePrice":{"pricePerUnit":44,"unitQuantity":100,"unitQuantityUom":"g","measureDescription":"100g"}},"facets":[{"itemCode":"00020014","itemDescription":"Vegetarian"}],"categoryTrees":[{"level0":"Fridge, Deli & Eggs","level1":"Yoghurt","level2":"Greek & Natural Yoghurt"},{"level0":"Fridge, Deli & Eggs","level1":"Yoghurt","level2":"Large Yoghurt Tubs"}],"cateredFlag":false,"algoliaAnalytics":{"searchQueryID":"cb25a304491bf67b84f12d46fdcecef4","searchPosition":158},"boughtBefore":false},{"productId":"5003852-EA-000","brand":"Pams","name":"Regular Soy Milk","displayName":"1l","availability":["IN_STORE","ONLINE"],"saleType":"UNITS","restrictedFlag":false,"liquorFlag":false,"tobaccoFlag":false,"originRegulated":false,"singlePrice":{"price":229,"comparativePrice":{"pricePerUnit":229,"unitQuantity":1,"unitQuantityUom":"L","measureDescription":"1L"}},"facets":[{"itemCode":"00020007","itemDescription":"Dairy Free"},{"itemCode":"00020011","itemDescription":"Low Sugar"},{"itemCode":"00020012","itemDescription":"Non-GMO"}],"categoryTrees":[{"level0":"Pantry","level1":"Long Life & Dairy Free Milk","level2":"Soy Milk"},{"level0":"Featured","level1":"Pams","level2":"Dairy & Eggs"}],"cateredFlag":false,"algoliaAnalytics":{"searchQueryID":"cb25a304491bf67b84f12d46fdcecef4","searchPosition":159},"boughtBefore":false},{"productId":"5035008-EA-000","brand":"Sanitarium Weet-Bix","name":"Breakfast Cereal","displayName":"1.2kg","availability":["IN_STORE","ONLINE"],"saleType":"UNITS","restrictedFlag":false,"liquorFlag":false,"tobaccoFlag":false,"originRegulated":false,"singlePrice":{"price":819,"comparativePrice":{"pricePerUnit":68,"unitQuantity":100,"unitQuantityUom":"g","measureDescription":"100g"}},"facets":[{"itemCode":"00020012","itemDescription":"Non-GMO"},{"itemCode":"00020011","itemDescription":"Low Sugar"}],"categoryTrees":[{"level0":"Pantry","level1":"Breakfast Cereals","level2":"Everyday Cereal"}],"cateredFlag":false,"algoliaAnalytics":{"searchQueryID":"cb25a304491bf67b84f12d46fdcecef4","searchPosition":160},"boughtBefore":false},{"productId":"5010827-EA-000","brand":"Eta Ripple Cut","name":"Salt & Vinegar Potato Chips","displayName":"150g","availability":["IN_STORE","ONLINE"],"saleType":"UNITS","restrictedFlag":false,"liquorFlag":false,"tobaccoFlag":false,"originRegulated":false,"singlePrice":{"price":189,"promoId":"129963849","comparativePrice":{"pricePerUnit":126,"unitQuantity":100,"unitQuantityUom":"g","measureDescription":"100g"}},"promotions":[{"promoId":"129963850","rewardValue":500,"decal":"6000","sapType":"LAYERED","rewardType":"NEW_PRICE","threshold":3,"multiProducts":true,"cardDependencyFlag":false,"bestPromotion":true,"comparativePrice":{"pricePerUnit":111,"unitQuantity":100,"unitQuantityUom":"g","measureDescription":"100g"}}],"facets":[{"itemCode":"00020012","itemDescription":"Non-GMO"},{"itemCode":"00020004","itemDescription":"Gluten Free"},{"itemCode":"00020014","itemDescription":"Vegetarian"}],"categoryTrees":[{"level0":"Snacks, Treats & Easy Meals","level1":"Chips, Nuts & Snacks","level2":"Chips"},{"level0":"Pantry","level1":"Chips, Nuts & Snacks","level2":"Chips"},{"level0":"$5 Week 1","level1":"$5 Week 1","level2":"Deals","webContent":{"badgeSmallUrl":"","badgeMediumUrl":"","badgeLargeUrl":"","title":"","subTitle":"","campaignUrl":""},"appContent":{"badgeSmallUrl":"","badgeMediumUrl":"","badgeLargeUrl":"","title":"","subTitle":"","campaignUrl":""}}],"cateredFlag":false,"algoliaAnalytics":{"searchQueryID":"cb25a304491bf67b84f12d46fdcecef4","searchPosition":161},"boughtBefore":false},{"productId":"5010996-EA-000","brand":"Peckish","name":"Barbecue Flavoured Rice Crackers","displayName":"90g","availability":["IN_STORE","ONLINE"],"saleType":"UNITS","restrictedFlag":false,"liquorFlag":false,"tobaccoFlag":false,"originRegulated":false,"singlePrice":{"price":179,"comparativePrice":{"pricePerUnit":199,"unitQuantity":100,"unitQuantityUom":"g","measureDescription":"100g"}},"facets":[{"itemCode":"00020014","itemDescription":"Vegetarian"},{"itemCode":"00020004","itemDescription":"Gluten Free"}],"categoryTrees":[{"level0":"Pantry","level1":"Biscuits & Crackers","level2":"Rice Crackers"},{"level0":"Featured","level1":"Back to School","level2":"Lunchbox Snacks","webContent":{"badgeSmallUrl":"","badgeMediumUrl":"","badgeLargeUrl":"","title":"","subTitle":"","campaignUrl":""},"appContent":{"badgeSmallUrl":"","badgeMediumUrl":"","badgeLargeUrl":"","title":"","subTitle":"","campaignUrl":""}}],"cateredFlag":false,"algoliaAnalytics":{"searchQueryID":"cb25a304491bf67b84f12d46fdcecef4","searchPosition":162},"boughtBefore":false},{"productId":"5002738-EA-000","brand":"Nestle","name":"Reduced Cream Can","displayName":"230ml","availability":["IN_STORE","ONLINE"],"saleType":"UNITS","restrictedFlag":false,"liquorFlag":false,"tobaccoFlag":false,"originRegulated":false,"singlePrice":{"price":319,"promoId":"130005962","comparativePrice":{"pricePerUnit":139,"unitQuantity":100,"unitQuantityUom":"ml","measureDescription":"100ml"}},"promotions":[{"promoId":"130005962","rewardValue":319,"decal":"6000","sapType":"BASE","rewardType":"NEW_PRICE","threshold":1,"limit":0,"multiProducts":false,"cardDependencyFlag":false,"bestPromotion":true,"comparativePrice":{"pricePerUnit":139,"unitQuantity":100,"unitQuantityUom":"ml","measureDescription":"100ml"}}],"facets":[{"itemCode":"00020014","itemDescription":"Vegetarian"}],"categoryTrees":[{"level0":"Pantry","level1":"Canned Foods & Packets","level2":"Condensed Milk & Reduced Cream"}],"cateredFlag":false,"algoliaAnalytics":{"searchQueryID":"cb25a304491bf67b84f12d46fdcecef4","searchPosition":163},"boughtBefore":false},{"productId":"5264183-EA-000","brand":"Pams","name":"Red Onions","displayName":"1kg","availability":["IN_STORE","ONLINE"],"saleType":"UNITS","restrictedFlag":false,"liquorFlag":false,"tobaccoFlag":false,"originRegulated":true,"originStatement":"Product of New Zealand","singlePrice":{"price":449,"comparativePrice":{"pricePerUnit":449,"unitQuantity":1,"unitQuantityUom":"kg","measureDescription":"1kg"}},"facets":[{"itemCode":"00020007","itemDescription":"Dairy Free"},{"itemCode":"00020012","itemDescription":"Non-GMO"}],"categoryTrees":[{"level0":"Fruit & Vegetables","level1":"Vegetables","level2":"Onions, Leeks & Shallots"}],"cateredFlag":false,"algoliaAnalytics":{"searchQueryID":"cb25a304491bf67b84f12d46fdcecef4","searchPosition":164},"boughtBefore":false},{"productId":"5026740-EA-000","brand":"Indomie","name":"Mi Goreng Barbeque Chicken Noodles","displayName":"10 x 85g","availability":["IN_STORE","ONLINE"],"saleType":"UNITS","restrictedFlag":false,"liquorFlag":false,"tobaccoFlag":false,"originRegulated":false,"singlePrice":{"price":839,"comparativePrice":{"pricePerUnit":99,"unitQuantity":100,"unitQuantityUom":"g","measureDescription":"100g"}},"categoryTrees":[{"level0":"Pantry","level1":"Pasta, Rice & Noodles","level2":"Instant Noodles"},{"level0":"Snacks, Treats & Easy Meals","level1":"Ready to Eat","level2":"Instant Rice & Noodle Meals"}],"cateredFlag":false,"algoliaAnalytics":{"searchQueryID":"cb25a304491bf67b84f12d46fdcecef4","searchPosition":165},"boughtBefore":false},{"productId":"5034757-EA-000","brand":"Bluebird","name":"Thinly Cut Chicken Potato Chips","displayName":"140g","availability":["IN_STORE","ONLINE"],"saleType":"UNITS","restrictedFlag":false,"liquorFlag":false,"tobaccoFlag":false,"originRegulated":false,"singlePrice":{"price":219,"comparativePrice":{"pricePerUnit":156,"unitQuantity":100,"unitQuantityUom":"g","measureDescription":"100g"}},"facets":[{"itemCode":"00020004","itemDescription":"Gluten Free"},{"itemCode":"00020012","itemDescription":"Non-GMO"}],"categoryTrees":[{"level0":"Snacks, Treats & Easy Meals","level1":"Chips, Nuts & Snacks","level2":"Chips"},{"level0":"Pantry","level1":"Chips, Nuts & Snacks","level2":"Chips"}],"cateredFlag":false,"algoliaAnalytics":{"searchQueryID":"cb25a304491bf67b84f12d46fdcecef4","searchPosition":166},"boughtBefore":false},{"productId":"5219345-EA-000","brand":"Gopala","name":"Full Cream Natural Yoghurt","displayName":"2kg","availability":["IN_STORE","ONLINE"],"saleType":"UNITS","restrictedFlag":false,"liquorFlag":false,"tobaccoFlag":false,"originRegulated":false,"singlePrice":{"price":889,"comparativePrice":{"pricePerUnit":44,"unitQuantity":100,"unitQuantityUom":"g","measureDescription":"100g"}},"categoryTrees":[{"level0":"Fridge, Deli & Eggs","level1":"Yoghurt","level2":"Greek & Natural Yoghurt"},{"level0":"Fridge, Deli & Eggs","level1":"Yoghurt","level2":"Large Yoghurt Tubs"}],"cateredFlag":false,"algoliaAnalytics":{"searchQueryID":"cb25a304491bf67b84f12d46fdcecef4","searchPosition":167},"boughtBefore":false},{"productId":"5014501-EA-000","brand":"Vitasoy","name":"Unsweetened Oat Milk","displayName":"1l","availability":["IN_STORE","ONLINE"],"saleType":"UNITS","restrictedFlag":false,"liquorFlag":false,"tobaccoFlag":false,"originRegulated":false,"marketingInitiatives":[{"initiativeCode":"AOV"}],"singlePrice":{"price":279,"promoId":"130006088","comparativePrice":{"pricePerUnit":279,"unitQuantity":1,"unitQuantityUom":"L","measureDescription":"1L"}},"promotions":[{"promoId":"130006207","rewardValue":500,"decal":"6000","sapType":"LAYERED","rewardType":"NEW_PRICE","threshold":2,"multiProducts":false,"cardDependencyFlag":false,"bestPromotion":true,"comparativePrice":{"pricePerUnit":250,"unitQuantity":1,"unitQuantityUom":"L","measureDescription":"1L"}}],"facets":[{"itemCode":"00020013","itemDescription":"Vegan"},{"itemCode":"00020014","itemDescription":"Vegetarian"},{"itemCode":"00020012","itemDescription":"Non-GMO"},{"itemCode":"00020007","itemDescription":"Dairy Free"}],"categoryTrees":[{"level0":"Pantry","level1":"Long Life & Dairy Free Milk","level2":"Oat & Rice Milk"},{"level0":"$5 Week 1","level1":"$5 Week 1","level2":"Deals","webContent":{"badgeSmallUrl":"","badgeMediumUrl":"","badgeLargeUrl":"","title":"","subTitle":"","campaignUrl":""},"appContent":{"badgeSmallUrl":"","badgeMediumUrl":"","badgeLargeUrl":"","title":"","subTitle":"","campaignUrl":""}}],"cateredFlag":false,"algoliaAnalytics":{"searchQueryID":"cb25a304491bf67b84f12d46fdcecef4","searchPosition":168},"boughtBefore":false},{"productId":"5223140-KGM-000","name":"Peeled Red Onions","displayName":"kg","availability":["IN_STORE","ONLINE"],"saleType":"BOTH","restrictedFlag":false,"liquorFlag":false,"tobaccoFlag":false,"originRegulated":true,"originStatement":"Product of New Zealand","variableWeight":{"unitOfMeasure":"g","averageWeight":190,"minOrderQuantity":150,"stepSize":100,"stepUnitOfMeasure":"g"},"singlePrice":{"price":349,"promoId":"130059642","comparativePrice":{"pricePerUnit":349,"unitQuantity":1,"unitQuantityUom":"kg","measureDescription":"1kg"}},"promotions":[{"promoId":"130059642","rewardValue":349,"decal":"6000","sapType":"BASE","rewardType":"NEW_PRICE","threshold":1,"limit":0,"multiProducts":false,"cardDependencyFlag":false,"bestPromotion":true,"comparativePrice":{"pricePerUnit":349,"unitQuantity":1,"unitQuantityUom":"kg","measureDescription":"1kg"}}],"categoryTrees":[{"level0":"Fruit & Vegetables","level1":"Vegetables","level2":"Onions, Leeks & Shallots"}],"cateredFlag":false,"algoliaAnalytics":{"searchQueryID":"cb25a304491bf67b84f12d46fdcecef4","searchPosition":169},"boughtBefore":false},{"productId":"5005844-EA-000","brand":"Silk","name":"Baby Fragrance Free Wipes","displayName":"80pk","availability":["IN_STORE","ONLINE"],"saleType":"UNITS","restrictedFlag":false,"liquorFlag":false,"tobaccoFlag":false,"originRegulated":false,"marketingInitiatives":[{"initiativeCode":"AOV"}],"singlePrice":{"price":199,"promoId":"129968605","comparativePrice":{"pricePerUnit":249,"unitQuantity":100,"unitQuantityUom":" ","measureDescription":"100"}},"promotions":[{"promoId":"129968604","rewardValue":500,"decal":"6000","sapType":"LAYERED","rewardType":"NEW_PRICE","threshold":3,"multiProducts":true,"cardDependencyFlag":false,"bestPromotion":true,"comparativePrice":{"pricePerUnit":208,"unitQuantity":100,"unitQuantityUom":" ","measureDescription":"100"}}],"categoryTrees":[{"level0":"Baby & Toddler","level1":"Baby Wipes","level2":"Fragrance Free Wipes"},{"level0":"$5 Week 1","level1":"$5 Week 1","level2":"Deals","webContent":{"badgeSmallUrl":"","badgeMediumUrl":"","badgeLargeUrl":"","title":"","subTitle":"","campaignUrl":""},"appContent":{"badgeSmallUrl":"","badgeMediumUrl":"","badgeLargeUrl":"","title":"","subTitle":"","campaignUrl":""}}],"cateredFlag":false,"algoliaAnalytics":{"searchQueryID":"cb25a304491bf67b84f12d46fdcecef4","searchPosition":170},"boughtBefore":false},{"productId":"5015656-EA-000","brand":"Doritos","name":"Cheese Supreme Corn Chips Party Bag Share Pack","displayName":"300g","availability":["IN_STORE","ONLINE"],"saleType":"UNITS","restrictedFlag":false,"liquorFlag":false,"tobaccoFlag":false,"originRegulated":false,"singlePrice":{"price":399,"comparativePrice":{"pricePerUnit":133,"unitQuantity":100,"unitQuantityUom":"g","measureDescription":"100g"}},"facets":[{"itemCode":"00020012","itemDescription":"Non-GMO"}],"categoryTrees":[{"level0":"Snacks, Treats & Easy Meals","level1":"Chips, Nuts & Snacks","level2":"Corn Chips & Salsa"},{"level0":"Pantry","level1":"Chips, Nuts & Snacks","level2":"Corn Chips & Salsa"}],"cateredFlag":false,"algoliaAnalytics":{"searchQueryID":"cb25a304491bf67b84f12d46fdcecef4","searchPosition":171},"boughtBefore":false},{"productId":"5005483-EA-000","brand":"Pams","name":"Tasty Flavoured Processed Cheese Slices","displayName":"250g","availability":["IN_STORE","ONLINE"],"saleType":"UNITS","restrictedFlag":false,"liquorFlag":false,"tobaccoFlag":false,"originRegulated":false,"singlePrice":{"price":349,"comparativePrice":{"pricePerUnit":140,"unitQuantity":100,"unitQuantityUom":"g","measureDescription":"100g"}},"facets":[{"itemCode":"00020012","itemDescription":"Non-GMO"}],"categoryTrees":[{"level0":"Fridge, Deli & Eggs","level1":"Cheese","level2":"Sliced Cheese"},{"level0":"Featured","level1":"Pams","level2":"Cheese"},{"level0":"Featured","level1":"Back to School","level2":"Back to School Lunches","webContent":{"badgeSmallUrl":"","badgeMediumUrl":"","badgeLargeUrl":"","title":"","subTitle":"","campaignUrl":""},"appContent":{"badgeSmallUrl":"","badgeMediumUrl":"","badgeLargeUrl":"","title":"","subTitle":"","campaignUrl":""}}],"cateredFlag":false,"algoliaAnalytics":{"searchQueryID":"cb25a304491bf67b84f12d46fdcecef4","searchPosition":172},"boughtBefore":false},{"productId":"5004347-EA-000","brand":"Galaxy","name":"Creamy Classic Camembert Cheese","displayName":"125g","availability":["IN_STORE","ONLINE"],"saleType":"UNITS","restrictedFlag":false,"liquorFlag":false,"tobaccoFlag":false,"originRegulated":false,"singlePrice":{"price":359,"promoId":"129978222","comparativePrice":{"pricePerUnit":287,"unitQuantity":100,"unitQuantityUom":"g","measureDescription":"100g"}},"promotions":[{"promoId":"129978222","rewardValue":359,"decal":"6000","sapType":"BASE","rewardType":"NEW_PRICE","threshold":1,"limit":0,"multiProducts":false,"cardDependencyFlag":false,"bestPromotion":true,"comparativePrice":{"pricePerUnit":287,"unitQuantity":100,"unitQuantityUom":"g","measureDescription":"100g"}}],"facets":[{"itemCode":"00020012","itemDescription":"Non-GMO"}],"categoryTrees":[{"level0":"Fridge, Deli & Eggs","level1":"Cheese","level2":"Brie & Camembert"}],"cateredFlag":false,"algoliaAnalytics":{"searchQueryID":"cb25a304491bf67b84f12d46fdcecef4","searchPosition":173},"boughtBefore":false},{"productId":"5117300-EA-000","name":"Large Croissants","displayName":"6pk","availability":["IN_STORE","ONLINE"],"saleType":"UNITS","restrictedFlag":false,"liquorFlag":false,"tobaccoFlag":false,"originRegulated":false,"singlePrice":{"price":699,"comparativePrice":{"pricePerUnit":117,"unitQuantity":1,"unitQuantityUom":"ea","measureDescription":"ea"}},"categoryTrees":[{"level0":"Bakery","level1":"In-Store Bakery","level2":"Fresh Pastries & Croissants"}],"cateredFlag":false,"algoliaAnalytics":{"searchQueryID":"cb25a304491bf67b84f12d46fdcecef4","searchPosition":174},"boughtBefore":false},{"productId":"5037478-EA-000","brand":"Kiddicare","name":"Fragrance Free Ultra Thick Baby Wipes","displayName":"72pk","availability":["IN_STORE","ONLINE"],"saleType":"UNITS","restrictedFlag":false,"liquorFlag":false,"tobaccoFlag":false,"originRegulated":false,"singlePrice":{"price":179,"comparativePrice":{"pricePerUnit":249,"unitQuantity":100,"unitQuantityUom":" ","measureDescription":"100"}},"categoryTrees":[{"level0":"Baby & Toddler","level1":"Baby Wipes","level2":"Fragrance Free Wipes"},{"level0":"Baby & Toddler","level1":"Baby Wipes","level2":"Water Based Wipes"}],"cateredFlag":false,"algoliaAnalytics":{"searchQueryID":"cb25a304491bf67b84f12d46fdcecef4","searchPosition":175},"boughtBefore":false},{"productId":"5012665-EA-000","brand":"Nature's Fresh","name":"Multigrain Toast Bread","displayName":"700g","availability":["IN_STORE","ONLINE"],"saleType":"UNITS","restrictedFlag":false,"liquorFlag":false,"tobaccoFlag":false,"originRegulated":false,"singlePrice":{"price":359,"comparativePrice":{"pricePerUnit":51,"unitQuantity":100,"unitQuantityUom":"g","measureDescription":"100g"}},"facets":[{"itemCode":"00020012","itemDescription":"Non-GMO"}],"categoryTrees":[{"level0":"Bakery","level1":"Sliced & Packaged Bread","level2":"Wholemeal, Grain & Seeded Bread"}],"cateredFlag":false,"algoliaAnalytics":{"searchQueryID":"cb25a304491bf67b84f12d46fdcecef4","searchPosition":176},"boughtBefore":false},{"productId":"5046576-KGM-000","name":"Ginger","displayName":"kg","availability":["IN_STORE","ONLINE"],"saleType":"WEIGHT","restrictedFlag":false,"liquorFlag":false,"tobaccoFlag":false,"originRegulated":true,"originStatement":"Product of Thailand","variableWeight":{"minOrderQuantity":80,"stepSize":20,"stepUnitOfMeasure":"g"},"singlePrice":{"price":199,"comparativePrice":{"pricePerUnit":199,"unitQuantity":1,"unitQuantityUom":"kg","measureDescription":"1kg"}},"categoryTrees":[{"level0":"Pantry","level1":"Spices, Seasoning & Coatings","level2":"Garlic & Ginger"}],"cateredFlag":false,"algoliaAnalytics":{"searchQueryID":"cb25a304491bf67b84f12d46fdcecef4","searchPosition":177},"boughtBefore":false},{"productId":"5092409-EA-000","brand":"Value","name":"White Long Grain Rice","displayName":"1kg","availability":["IN_STORE","ONLINE"],"saleType":"UNITS","restrictedFlag":false,"liquorFlag":false,"tobaccoFlag":false,"originRegulated":false,"singlePrice":{"price":225,"comparativePrice":{"pricePerUnit":23,"unitQuantity":100,"unitQuantityUom":"g","measureDescription":"100g"}},"facets":[{"itemCode":"00020012","itemDescription":"Non-GMO"},{"itemCode":"00020007","itemDescription":"Dairy Free"}],"categoryTrees":[{"level0":"Pantry","level1":"Pasta, Rice & Noodles","level2":"Rice"}],"cateredFlag":false,"algoliaAnalytics":{"searchQueryID":"cb25a304491bf67b84f12d46fdcecef4","searchPosition":178},"boughtBefore":false},{"productId":"5108515-KGM-000","name":"NZ Chicken Thigh Cutlets","displayName":"kg","availability":["IN_STORE","ONLINE"],"saleType":"WEIGHT","restrictedFlag":false,"liquorFlag":false,"tobaccoFlag":false,"originRegulated":true,"originStatement":"Product of New Zealand","variableWeight":{"unitOfMeasure":"g","averageWeight":180,"minOrderQuantity":300,"stepSize":100,"stepUnitOfMeasure":"g"},"singlePrice":{"price":1549,"comparativePrice":{"pricePerUnit":1549,"unitQuantity":1,"unitQuantityUom":"kg","measureDescription":"1kg"}},"categoryTrees":[{"level0":"Meat, Poultry & Seafood","level1":"Chicken & Poultry","level2":"Chicken Breast, Thighs & Tenders"}],"cateredFlag":false,"algoliaAnalytics":{"searchQueryID":"cb25a304491bf67b84f12d46fdcecef4","searchPosition":179},"boughtBefore":false},{"productId":"5011024-EA-000","brand":"Arnott's Shapes","name":"Originals Chicken Crimpy Crackers","displayName":"175g","availability":["IN_STORE","ONLINE"],"saleType":"UNITS","restrictedFlag":false,"liquorFlag":false,"tobaccoFlag":false,"originRegulated":false,"singlePrice":{"price":279,"promoId":"130010292","comparativePrice":{"pricePerUnit":159,"unitQuantity":100,"unitQuantityUom":"g","measureDescription":"100g"}},"promotions":[{"promoId":"130010292","rewardValue":279,"decal":"6000","sapType":"BASE","rewardType":"NEW_PRICE","threshold":1,"limit":0,"multiProducts":false,"cardDependencyFlag":false,"bestPromotion":true,"comparativePrice":{"pricePerUnit":159,"unitQuantity":100,"unitQuantityUom":"g","measureDescription":"100g"}}],"facets":[{"itemCode":"00020012","itemDescription":"Non-GMO"}],"categoryTrees":[{"level0":"Pantry","level1":"Biscuits & Crackers","level2":"Crackers"},{"level0":"Featured","level1":"Back to School","level2":"Lunchbox Snacks","webContent":{"badgeSmallUrl":"","badgeMediumUrl":"","badgeLargeUrl":"","title":"","subTitle":"","campaignUrl":""},"appContent":{"badgeSmallUrl":"","badgeMediumUrl":"","badgeLargeUrl":"","title":"","subTitle":"","campaignUrl":""}}],"cateredFlag":false,"algoliaAnalytics":{"searchQueryID":"cb25a304491bf67b84f12d46fdcecef4","searchPosition":180},"boughtBefore":false},{"productId":"5000523-EA-000","brand":"Anchor","name":"Lite Milk","displayName":"2l","availability":["IN_STORE","ONLINE"],"saleType":"UNITS","restrictedFlag":false,"liquorFlag":false,"tobaccoFlag":false,"originRegulated":false,"singlePrice":{"price":543,"comparativePrice":{"pricePerUnit":272,"unitQuantity":1,"unitQuantityUom":"L","measureDescription":"1L"}},"facets":[{"itemCode":"00020012","itemDescription":"Non-GMO"},{"itemCode":"00020009","itemDescription":"Low Fat"}],"categoryTrees":[{"level0":"Fridge, Deli & Eggs","level1":"Milk","level2":"Fresh Milk"}],"cateredFlag":false,"algoliaAnalytics":{"searchQueryID":"cb25a304491bf67b84f12d46fdcecef4","searchPosition":181},"boughtBefore":false},{"productId":"5009505-EA-000","brand":"Tip Top","name":"Supersoft White Sandwich Bread","displayName":"700g","availability":["IN_STORE","ONLINE"],"saleType":"UNITS","restrictedFlag":false,"liquorFlag":false,"tobaccoFlag":false,"originRegulated":false,"singlePrice":{"price":389,"comparativePrice":{"pricePerUnit":56,"unitQuantity":100,"unitQuantityUom":"g","measureDescription":"100g"}},"categoryTrees":[{"level0":"Bakery","level1":"Sliced & Packaged Bread","level2":"White Bread"},{"level0":"Featured","level1":"Back to School","level2":"Back to School Lunches","webContent":{"badgeSmallUrl":"","badgeMediumUrl":"","badgeLargeUrl":"","title":"","subTitle":"","campaignUrl":""},"appContent":{"badgeSmallUrl":"","badgeMediumUrl":"","badgeLargeUrl":"","title":"","subTitle":"","campaignUrl":""}}],"cateredFlag":false,"algoliaAnalytics":{"searchQueryID":"cb25a304491bf67b84f12d46fdcecef4","searchPosition":182},"boughtBefore":false},{"productId":"5257064-EA-000","brand":"Farmer Brown","name":"Cage-Free Barn Size 7 Eggs","displayName":"12pk","availability":["IN_STORE","ONLINE"],"saleType":"UNITS","restrictedFlag":false,"liquorFlag":false,"tobaccoFlag":false,"originRegulated":false,"singlePrice":{"price":899,"comparativePrice":{"pricePerUnit":75,"unitQuantity":1,"unitQuantityUom":"ea","measureDescription":"ea"}},"facets":[{"itemCode":"00020006","itemDescription":"Cage Free"}],"categoryTrees":[{"level0":"Fridge, Deli & Eggs","level1":"Eggs","level2":"Barn Eggs"}],"cateredFlag":false,"algoliaAnalytics":{"searchQueryID":"cb25a304491bf67b84f12d46fdcecef4","searchPosition":183},"boughtBefore":false},{"productId":"5009950-EA-000","brand":"Sealord","name":"Tomato & Basil Tuna","displayName":"95g","availability":["IN_STORE","ONLINE"],"saleType":"UNITS","restrictedFlag":false,"liquorFlag":false,"tobaccoFlag":false,"originRegulated":false,"singlePrice":{"price":209,"comparativePrice":{"pricePerUnit":2200,"unitQuantity":1,"unitQuantityUom":"kg","measureDescription":"1kg"}},"facets":[{"itemCode":"00020012","itemDescription":"Non-GMO"}],"categoryTrees":[{"level0":"Pantry","level1":"Canned Foods & Packets","level2":"Canned Tuna"}],"cateredFlag":false,"algoliaAnalytics":{"searchQueryID":"cb25a304491bf67b84f12d46fdcecef4","searchPosition":184},"boughtBefore":false},{"productId":"5010998-EA-000","brand":"Peckish","name":"Original Rice Crackers","displayName":"90g","availability":["IN_STORE","ONLINE"],"saleType":"UNITS","restrictedFlag":false,"liquorFlag":false,"tobaccoFlag":false,"originRegulated":false,"singlePrice":{"price":179,"comparativePrice":{"pricePerUnit":199,"unitQuantity":100,"unitQuantityUom":"g","measureDescription":"100g"}},"facets":[{"itemCode":"00020004","itemDescription":"Gluten Free"},{"itemCode":"00020014","itemDescription":"Vegetarian"}],"categoryTrees":[{"level0":"Pantry","level1":"Biscuits & Crackers","level2":"Rice Crackers"},{"level0":"Featured","level1":"Back to School","level2":"Lunchbox Snacks","webContent":{"badgeSmallUrl":"","badgeMediumUrl":"","badgeLargeUrl":"","title":"","subTitle":"","campaignUrl":""},"appContent":{"badgeSmallUrl":"","badgeMediumUrl":"","badgeLargeUrl":"","title":"","subTitle":"","campaignUrl":""}}],"cateredFlag":false,"algoliaAnalytics":{"searchQueryID":"cb25a304491bf67b84f12d46fdcecef4","searchPosition":185},"boughtBefore":false},{"productId":"5002577-EA-000","brand":"Wattie's","name":"Tomato Sauce","displayName":"575g","availability":["IN_STORE","ONLINE"],"saleType":"UNITS","restrictedFlag":false,"liquorFlag":false,"tobaccoFlag":false,"originRegulated":false,"singlePrice":{"price":289,"promoId":"130007570","comparativePrice":{"pricePerUnit":50,"unitQuantity":100,"unitQuantityUom":"g","measureDescription":"100g"}},"promotions":[{"promoId":"130007570","rewardValue":289,"decal":"6000","sapType":"BASE","rewardType":"NEW_PRICE","threshold":1,"limit":0,"multiProducts":false,"cardDependencyFlag":false,"bestPromotion":true,"comparativePrice":{"pricePerUnit":50,"unitQuantity":100,"unitQuantityUom":"g","measureDescription":"100g"}}],"facets":[{"itemCode":"00020012","itemDescription":"Non-GMO"}],"categoryTrees":[{"level0":"Pantry","level1":"Table Sauces, Dressings & Condiments","level2":"Tomato Sauce"}],"cateredFlag":false,"algoliaAnalytics":{"searchQueryID":"cb25a304491bf67b84f12d46fdcecef4","searchPosition":186},"boughtBefore":false},{"productId":"5281167-EA-000","brand":"Rise N Shine","name":"Size 8 10 Pack Colony Eggs","displayName":"10pk","availability":["IN_STORE","ONLINE"],"saleType":"UNITS","restrictedFlag":false,"liquorFlag":false,"tobaccoFlag":false,"originRegulated":false,"singlePrice":{"price":699,"comparativePrice":{"pricePerUnit":70,"unitQuantity":1,"unitQuantityUom":"ea","measureDescription":"ea"}},"categoryTrees":[{"level0":"Fridge, Deli & Eggs","level1":"Eggs","level2":"Barn Eggs"}],"cateredFlag":false,"algoliaAnalytics":{"searchQueryID":"cb25a304491bf67b84f12d46fdcecef4","searchPosition":187},"boughtBefore":false},{"productId":"5037034-EA-000","brand":"Anchor","name":"Uno Squeezie Smooth Strawberry Yoghurt","displayName":"100g","availability":["IN_STORE","ONLINE"],"saleType":"UNITS","restrictedFlag":false,"liquorFlag":false,"tobaccoFlag":false,"originRegulated":false,"singlePrice":{"price":229,"comparativePrice":{"pricePerUnit":229,"unitQuantity":100,"unitQuantityUom":"g","measureDescription":"100g"}},"facets":[{"itemCode":"00020009","itemDescription":"Low Fat"},{"itemCode":"00020012","itemDescription":"Non-GMO"}],"categoryTrees":[{"level0":"Fridge, Deli & Eggs","level1":"Yoghurt","level2":"Yoghurt Multi Packs & Single Serve"},{"level0":"Snacks, Treats & Easy Meals","level1":"Lunchbox Snacks","level2":"Yoghurt Pouches & Single Serve"},{"level0":"Featured","level1":"Back to School","level2":"Lunchbox Snacks","webContent":{"badgeSmallUrl":"","badgeMediumUrl":"","badgeLargeUrl":"","title":"","subTitle":"","campaignUrl":""},"appContent":{"badgeSmallUrl":"","badgeMediumUrl":"","badgeLargeUrl":"","title":"","subTitle":"","campaignUrl":""}}],"cateredFlag":false,"algoliaAnalytics":{"searchQueryID":"cb25a304491bf67b84f12d46fdcecef4","searchPosition":188},"boughtBefore":false},{"productId":"5000519-EA-000","brand":"Anchor","name":"Calci + Trim Milk","displayName":"2l","availability":["IN_STORE","ONLINE"],"saleType":"UNITS","restrictedFlag":false,"liquorFlag":false,"tobaccoFlag":false,"originRegulated":false,"singlePrice":{"price":662,"comparativePrice":{"pricePerUnit":331,"unitQuantity":1,"unitQuantityUom":"L","measureDescription":"1L"}},"facets":[{"itemCode":"00020009","itemDescription":"Low Fat"},{"itemCode":"00020012","itemDescription":"Non-GMO"}],"categoryTrees":[{"level0":"Fridge, Deli & Eggs","level1":"Milk","level2":"Fresh Milk"}],"cateredFlag":false,"algoliaAnalytics":{"searchQueryID":"cb25a304491bf67b84f12d46fdcecef4","searchPosition":189},"boughtBefore":false},{"productId":"5106653-KGM-000","name":"NZ Beef Brisket","displayName":"kg","availability":["IN_STORE","ONLINE"],"saleType":"WEIGHT","restrictedFlag":false,"liquorFlag":false,"tobaccoFlag":false,"originRegulated":true,"originStatement":"Product of New Zealand","variableWeight":{"minOrderQuantity":400,"stepSize":100,"stepUnitOfMeasure":"g"},"singlePrice":{"price":2399,"comparativePrice":{"pricePerUnit":2399,"unitQuantity":1,"unitQuantityUom":"kg","measureDescription":"1kg"}},"categoryTrees":[{"level0":"Meat, Poultry & Seafood","level1":"Beef","level2":"Roast Beef & Large Cuts"}],"cateredFlag":false,"algoliaAnalytics":{"searchQueryID":"cb25a304491bf67b84f12d46fdcecef4","searchPosition":190},"boughtBefore":false},{"productId":"5003306-EA-000","brand":"Griffin's","name":"Gingernuts Biscuits","displayName":"250g","availability":["IN_STORE","ONLINE"],"saleType":"UNITS","restrictedFlag":false,"liquorFlag":false,"tobaccoFlag":false,"originRegulated":false,"singlePrice":{"price":299,"promoId":"130008231","comparativePrice":{"pricePerUnit":120,"unitQuantity":100,"unitQuantityUom":"g","measureDescription":"100g"}},"promotions":[{"promoId":"130008224","rewardValue":550,"decal":"6000","sapType":"LAYERED","rewardType":"NEW_PRICE","threshold":2,"multiProducts":true,"cardDependencyFlag":false,"bestPromotion":true,"comparativePrice":{"pricePerUnit":110,"unitQuantity":100,"unitQuantityUom":"g","measureDescription":"100g"}}],"facets":[{"itemCode":"00020012","itemDescription":"Non-GMO"}],"categoryTrees":[{"level0":"Pantry","level1":"Biscuits & Crackers","level2":"Plain Biscuits"}],"cateredFlag":false,"algoliaAnalytics":{"searchQueryID":"cb25a304491bf67b84f12d46fdcecef4","searchPosition":191},"boughtBefore":false},{"productId":"5025497-EA-000","brand":"Beehive","name":"Streaky Bacon","displayName":"250g","availability":["IN_STORE","ONLINE"],"saleType":"UNITS","restrictedFlag":false,"liquorFlag":false,"tobaccoFlag":false,"originRegulated":true,"originStatement":"Made in New Zealand using pork from pigs raised in one or more of the countries: Australia, Belgium, Denmark, Finland, France, Germany, Ireland, Netherlands, Poland, UK, Spain, Sweden, Canada, USa.","marketingInitiatives":[{"initiativeCode":"AOV"}],"singlePrice":{"price":500,"promoId":"129998624","comparativePrice":{"pricePerUnit":2000,"unitQuantity":1,"unitQuantityUom":"kg","measureDescription":"1kg"}},"promotions":[{"promoId":"129998624","rewardValue":500,"decal":"6000","sapType":"BASE","rewardType":"NEW_PRICE","threshold":1,"limit":0,"multiProducts":false,"cardDependencyFlag":false,"bestPromotion":true,"comparativePrice":{"pricePerUnit":2000,"unitQuantity":1,"unitQuantityUom":"kg","measureDescription":"1kg"}}],"facets":[{"itemCode":"00020004","itemDescription":"Gluten Free"}],"categoryTrees":[{"level0":"Fridge, Deli & Eggs","level1":"Deli Meats & Smoked Fish","level2":"Bacon"},{"level0":"Meat, Poultry & Seafood","level1":"Deli Meats","level2":"Bacon"},{"level0":"$5 Week 1","level1":"$5 Week 1","level2":"Deals","webContent":{"badgeSmallUrl":"","badgeMediumUrl":"","badgeLargeUrl":"","title":"","subTitle":"","campaignUrl":""},"appContent":{"badgeSmallUrl":"","badgeMediumUrl":"","badgeLargeUrl":"","title":"","subTitle":"","campaignUrl":""}}],"cateredFlag":false,"algoliaAnalytics":{"searchQueryID":"cb25a304491bf67b84f12d46fdcecef4","searchPosition":192},"boughtBefore":false},{"productId":"5103224-KGM-000","name":"NZ Beef Schnitzel","displayName":"kg","availability":["IN_STORE","ONLINE"],"saleType":"WEIGHT","restrictedFlag":false,"liquorFlag":false,"tobaccoFlag":false,"originRegulated":true,"originStatement":"Product of New Zealand","variableWeight":{"unitOfMeasure":"g","averageWeight":125,"minOrderQuantity":300,"stepSize":125,"stepUnitOfMeasure":"g"},"singlePrice":{"price":2699,"comparativePrice":{"pricePerUnit":2699,"unitQuantity":1,"unitQuantityUom":"kg","measureDescription":"1kg"}},"categoryTrees":[{"level0":"Meat, Poultry & Seafood","level1":"Beef","level2":"Beef Steaks & Schnitzel"}],"cateredFlag":false,"algoliaAnalytics":{"searchQueryID":"cb25a304491bf67b84f12d46fdcecef4","searchPosition":193},"boughtBefore":false},{"productId":"5026217-EA-000","name":"Crown Pumpkin","displayName":"ea","availability":["IN_STORE","ONLINE"],"saleType":"UNITS","restrictedFlag":false,"liquorFlag":false,"tobaccoFlag":false,"originRegulated":true,"originStatement":"Product of New Zealand","singlePrice":{"price":749},"categoryTrees":[{"level0":"Fruit & Vegetables","level1":"Vegetables","level2":"Pumpkins & Squash"}],"cateredFlag":false,"algoliaAnalytics":{"searchQueryID":"cb25a304491bf67b84f12d46fdcecef4","searchPosition":194},"boughtBefore":false},{"productId":"5010410-EA-000","brand":"Chesdale","name":"Processed Tasty Cheese Slices","displayName":"250g","availability":["IN_STORE","ONLINE"],"saleType":"UNITS","restrictedFlag":false,"liquorFlag":false,"tobaccoFlag":false,"originRegulated":false,"singlePrice":{"price":299,"comparativePrice":{"pricePerUnit":120,"unitQuantity":100,"unitQuantityUom":"g","measureDescription":"100g"}},"facets":[{"itemCode":"00020012","itemDescription":"Non-GMO"}],"categoryTrees":[{"level0":"Fridge, Deli & Eggs","level1":"Cheese","level2":"Sliced Cheese"}],"cateredFlag":false,"algoliaAnalytics":{"searchQueryID":"cb25a304491bf67b84f12d46fdcecef4","searchPosition":195},"boughtBefore":false},{"productId":"5223553-EA-000","brand":"Meadow Fresh","name":"Kalo Natural Greek Yoghurt","displayName":"800g","availability":["IN_STORE","ONLINE"],"saleType":"UNITS","restrictedFlag":false,"liquorFlag":false,"tobaccoFlag":false,"originRegulated":false,"singlePrice":{"price":809,"comparativePrice":{"pricePerUnit":101,"unitQuantity":100,"unitQuantityUom":"g","measureDescription":"100g"}},"facets":[{"itemCode":"00020009","itemDescription":"Low Fat"},{"itemCode":"00020012","itemDescription":"Non-GMO"}],"categoryTrees":[{"level0":"Fridge, Deli & Eggs","level1":"Yoghurt","level2":"Greek & Natural Yoghurt"},{"level0":"Fridge, Deli & Eggs","level1":"Yoghurt","level2":"Large Yoghurt Tubs"}],"cateredFlag":false,"algoliaAnalytics":{"searchQueryID":"cb25a304491bf67b84f12d46fdcecef4","searchPosition":196},"boughtBefore":false},{"productId":"5002084-EA-000","brand":"Cadbury","name":"Flake Chocolate Bar","displayName":"30g","availability":["IN_STORE","ONLINE"],"saleType":"UNITS","restrictedFlag":false,"liquorFlag":false,"tobaccoFlag":false,"originRegulated":false,"singlePrice":{"price":99,"promoId":"129993778","comparativePrice":{"pricePerUnit":330,"unitQuantity":100,"unitQuantityUom":"g","measureDescription":"100g"}},"promotions":[{"promoId":"129993778","rewardValue":99,"decal":"6000","sapType":"BASE","rewardType":"NEW_PRICE","threshold":1,"limit":0,"multiProducts":false,"cardDependencyFlag":false,"bestPromotion":true,"comparativePrice":{"pricePerUnit":330,"unitQuantity":100,"unitQuantityUom":"g","measureDescription":"100g"}}],"facets":[{"itemCode":"00020012","itemDescription":"Non-GMO"}],"categoryTrees":[{"level0":"Snacks, Treats & Easy Meals","level1":"Chocolate, Sweets & Chewing Gum","level2":"Single Chocolate Bars & Sweets"},{"level0":"Pantry","level1":"Chocolate, Sweets & Chewing Gum","level2":"Single Chocolate Bars & Sweets"}],"cateredFlag":false,"algoliaAnalytics":{"searchQueryID":"cb25a304491bf67b84f12d46fdcecef4","searchPosition":197},"boughtBefore":false},{"productId":"5001361-EA-000","brand":"Arnott's Tim Tam","name":"Original Chocolate Biscuits","displayName":"200g","availability":["IN_STORE","ONLINE"],"saleType":"UNITS","restrictedFlag":false,"liquorFlag":false,"tobaccoFlag":false,"originRegulated":false,"singlePrice":{"price":469,"comparativePrice":{"pricePerUnit":235,"unitQuantity":100,"unitQuantityUom":"g","measureDescription":"100g"}},"facets":[{"itemCode":"00020012","itemDescription":"Non-GMO"}],"categoryTrees":[{"level0":"Pantry","level1":"Biscuits & Crackers","level2":"Chocolate Biscuits & Cookies"}],"cateredFlag":false,"algoliaAnalytics":{"searchQueryID":"cb25a304491bf67b84f12d46fdcecef4","searchPosition":198},"boughtBefore":false},{"productId":"5001946-EA-000","brand":"Oak","name":"Baked Beans In Tomato Sauce","displayName":"420g","availability":["IN_STORE","ONLINE"],"saleType":"UNITS","restrictedFlag":false,"liquorFlag":false,"tobaccoFlag":false,"originRegulated":false,"singlePrice":{"price":119,"promoId":"129966120","comparativePrice":{"pricePerUnit":28,"unitQuantity":100,"unitQuantityUom":"g","measureDescription":"100g"}},"promotions":[{"promoId":"129966120","rewardValue":119,"decal":"6000","sapType":"BASE","rewardType":"NEW_PRICE","threshold":1,"limit":0,"multiProducts":false,"cardDependencyFlag":false,"bestPromotion":true,"comparativePrice":{"pricePerUnit":28,"unitQuantity":100,"unitQuantityUom":"g","measureDescription":"100g"}}],"facets":[{"itemCode":"00020012","itemDescription":"Non-GMO"}],"categoryTrees":[{"level0":"Pantry","level1":"Canned Foods & Packets","level2":"Baked Beans & Spaghetti"}],"cateredFlag":false,"algoliaAnalytics":{"searchQueryID":"cb25a304491bf67b84f12d46fdcecef4","searchPosition":199},"boughtBefore":false},{"productId":"5264169-EA-000","brand":"Value","name":"Fresh Carrots","displayName":"2kg","availability":["IN_STORE","ONLINE"],"saleType":"UNITS","restrictedFlag":false,"liquorFlag":false,"tobaccoFlag":false,"originRegulated":true,"originStatement":"Product of New Zealand","singlePrice":{"price":599,"comparativePrice":{"pricePerUnit":300,"unitQuantity":1,"unitQuantityUom":"kg","measureDescription":"1kg"}},"facets":[{"itemCode":"00020012","itemDescription":"Non-GMO"},{"itemCode":"00020007","itemDescription":"Dairy Free"}],"categoryTrees":[{"level0":"Fruit & Vegetables","level1":"Vegetables","level2":"Carrots & Root Vegetables"}],"cateredFlag":false,"algoliaAnalytics":{"searchQueryID":"cb25a304491bf67b84f12d46fdcecef4","searchPosition":200},"boughtBefore":false}],"algoliaSearchResult":{"facets":{"brand":{"Pams":809,"Wattie's":155,"Mrs Rogers":111,"Colgate":90,"Anchor":81,"Korbond":81,"Healtheries":80,"Tip Top":72,"Hellers":64,"VitaPet":63,"Gregg's":60,"Value":60,"Ceres Organics":56,"Continental":52,"Dettol":52,"Tasti":52,"Mainland":51,"Griffin's":50,"Maggi":50,"Pams Value":50,"Nivea":49,"Red Seal":49,"Dove":48,"Barker's":47,"Meadow Fresh":47,"Musashi":46,"Huggies":44,"Nestle":43,"Nescafe":41,"Palmolive":40,"McCain":39,"Bic":38,"Masterfoods":37,"Mother Earth":36,"Cadbury":35,"Delmaine":34,"Kellogg's":34,"Heinz":33,"Sealord":33,"Graze":31,"Lewis Road Creamery":31,"Sistema":31,"Whittaker's":31,"Chux":30,"Edmonds":30,"Jed's Coffee Co.":30,"The Collective":30,"Pams Finest":29,"Avalanche":28,"Bundaberg":28,"Energizer":28,"Whiskas":28,"Big Black Sacks":27,"Bluebird":27,"Glow Lab":27,"Kapiti":27,"Palmolive Naturals":27,"Arnott's":26,"Diamond":26,"Fresh To Go":26,"Hubbards":26,"Lindt":26,"Schweppes":26,"Farrah's":25,"Moccona":25,"Old El Paso":25,"Persil":25,"Philips":25,"Best":24,"Chef":24,"Fresh 'n Fruity":24,"Schick":24,"Tegel":24,"Eta":23,"Purina Fancy Feast":23,"Surv":23,"Dairyworks":22,"Dine":22,"Ecostore":22,"Harpic":22,"North Head":22,"San Remo":22,"Head & Shoulders":21,"John West":21,"Lee Kum Kee":21,"Rascals":21,"V":21,"Verkerks":21,"Chelsea":20,"Jacob's Creek":20,"Leggo's":20,"Only Organic":20,"Sanitarium Up & Go":20,"U By Kotex":20,"Campbell's":19,"Eveready":19,"Magnum":19,"Nivea Men":19,"Poise":19,"Schwarzkopf Extra Care":19},"tobacco":{"false":9994},"category1NI":{"Chips, Nuts & Snacks":445,"Canned Foods & Packets":347,"Pams":344,"Biscuits & Crackers":304,"Back to School":290,"Chocolate, Sweets & Chewing Gum":288,"Cooking Sauces, Stocks & Marinades":274,"Hair Care":265,"Stationery & Entertainment":257,"Cheese":238,"Lunchbox Snacks":235,"Spices, Seasoning & Coatings":234,"Baking Supplies & Sugar":231,"Coffee":226,"Table Sauces, Dressings & Condiments":225,"Pasta, Rice & Noodles":224,"Cat":213,"Ice Cream & Sorbet":204,"Yoghurt":202,"Cleaning & Accessories":199,"Easy Meals & Meal Kits":176,"Deli Meats & Smoked Fish":169,"Homewares":165,"Food Wrap, Storage & Bags":163,"Dental & Oral Care":159,"Bath, Shower & Soap":157,"Red Wine":156,"Dog":151,"Soft Drinks & Mixers":148,"Breakfast Cereals":146,"Skin Care & Sun Care":143,"Deli Meats":137,"Laundry":134,"White Wine":130,"Medical & First Aid":125,"$5 Week 1":117,"Juice & Smoothies":111,"Period & Continence Care":111,"World Foods":111,"Vegetables":107,"Dips, Hummus & Antipasti":103,"Vitamins & Supplements":101,"Milk":98,"Deodorant & Body Sprays":97,"Ready to Eat":95,"Batteries & Electrical":93,"Jams, Honey & Spreads":93,"Beer":92,"Tea":91,"Sports & Energy Drinks":90,"Bulk Foods":86,"Desserts":86,"Nappies & Changing":83,"Chilled Soups & Ready Meals":80,"Frozen Chicken & Meat":76,"Garage & Outdoor":76,"Baby & Toddler Food":74,"Sliced & Packaged Bread":72,"Kitchen Cleaners":71,"Cakes, Muffins & Desserts":67,"Hot Chocolate & Milk Drinks":67,"Shaving & Hair Removal":65,"Frozen Fish & Seafood":64,"Bathroom & Toilet Cleaners":61,"Fresh Salad & Herbs":61,"Sports Nutrition & Weight Management":60,"Frozen Vegetables":57,"In-Store Bakery":57,"Oil & Vinegar":56,"Frozen Dumplings, Pies & Snacks":53,"Dishwashing":52,"Frozen Pizza & Ready Meals":52,"Wraps, Pita & Flat Bread":50,"Butter & Margarine":48,"Frozen Fruit & Desserts":46,"Pest & Insect Control":46,"Syrups, Cordials & Powdered Drinks":46,"Long Life & Dairy Free Milk":45,"Chilled Pasta, Pizza & Garlic Bread":43,"Baby & Toddler Toiletries":41,"Toilet Paper, Tissues & Paper Towels":40,"Mince, Sausages & Meatballs":39,"Rose Wine":39,"Seafood":39,"Champagne & Sparkling Wine":38,"Baby Formula":37,"Frozen Chips & Hash Browns":36,"Fruit":36,"Bagels, Crumpets & Pancakes":35,"Cream, Custard & Desserts":34,"Craft Beer":31,"Water":31,"Chicken & Poultry":30,"Kombucha & Functional Drinks":29,"Clothing & Accessories":28,"Nursing & Feeding":28,"Alcohol Free Drinks":27,"Burger Buns, Rolls & Garlic Bread":26,"Cider":24,"Frozen Pastry & Bread":23},"onPromotion":{"61dd754e-8525-4b9e-9e08-173389eea8a8":2714,"c3f9e1a3-fc34-452d-af2e-95349e666ba4":2702,"715f0e22-95e0-45ce-af3a-07057209976e":2698,"4a279605-eaa8-470d-bcd4-0a9e3c9ab43b":2685,"5cf0392f-c187-4fc4-a463-eb269d2e8f45":2660,"90082979-fb9f-4305-9c72-83274fc438cc":2656,"b29a98bd-749c-489c-9eef-6aa38e66a29b":2631,"2ed73be8-936d-4f35-9398-75a707f40a7b":2560,"dbca5e00-f7f9-43ae-91de-031ad16f8a92":2548,"be4c4780-218e-425a-a90f-63e21773572b":2538,"8cd700ae-d96f-4761-bd7a-805d6b93536d":2460,"d8032da3-c1b9-456e-b626-41ce21f8c67b":2401,"3c5e3145-0767-4066-9349-6c0a1313acc5":2383,"bdc5ef4a-c6a7-4f8a-b8cb-28109e6d61c3":2266,"2a1b331a-fc4a-496a-b072-e97cc8f70cae":2066,"d6d39eea-889d-4e20-923c-55cab225cf7f":2060,"c2204dae-579e-4b6b-9d42-2e13ceaa6031":2057,"65defcf2-bc15-490e-a84f-1f13b769cd22":2047,"8f0d70be-5cb7-464b-99cb-8b0130671895":2024,"b92cc33f-b5a8-4b57-9b82-412946800020":1977,"3404c253-577f-45ca-b301-c98312e46efb":1965,"c0f80e87-16be-4488-9553-da437e8c6c2a":1954,"6e6809dd-01bc-45c9-aab1-f01ccd8338b0":1952,"3bfe040b-f0c9-45e0-949b-b9ad5a591d55":1940,"92086ded-a55d-4241-a364-7d7ea91531b4":1937,"48dd98cc-a757-4102-b15d-ea82b4b10571":1931,"49037947-e450-49bf-ba1f-a94551c79a72":1915,"21ecaaed-0749-4492-985e-4bb7ba43d59c":1903,"3bb30799-82ce-4648-8c02-5113228963ed":1895,"01a114de-149c-4f5f-80a1-90cc63f69c6e":1886,"c180a72d-5dbe-4403-b7c7-91655e505492":1877,"714431ab-6e39-4df6-ac77-cfc5c1e25bc8":1864,"e1925ea7-01bc-4358-ae7c-c6502da5ab12":1860,"64eab5b1-8d79-45f4-94f1-02b8cf8b6202":1857,"1c388d5e-29ac-4956-b476-cb3431353d2e":1852,"5f167936-79ae-4f6a-b9d2-74afe1bb096b":1845,"d1cd1fdd-8767-46a6-a8d3-c3e0632c2dc8":1845,"b2e98a14-c8ca-401e-99ed-edf74570c6f6":1838,"af385423-d0f1-41f0-9482-ffd10b745143":1829,"6cda96e1-7d29-44a6-956b-3fcfdecc8184":1820,"529d66cc-60e3-432e-b8d1-efc9f2ec4919":1815,"4fcc1c8e-cc5e-4675-ba25-5e56b579cf69":1800,"7d48a781-4f68-4c91-a908-8659e1b22f95":1773,"53989945-1a28-481d-a61c-d6f75f760ada":1767,"60561e46-ece7-43a7-b142-9b14812586e4":1765,"9cd8eb60-3222-4efc-bd7c-50e03e6a81a4":1761,"33d8d6fc-861a-45ff-9937-5ccdb55eaede":1756,"15e6f441-5c1c-4d25-b4ec-1adf918c49c7":1746,"98ec3885-ac93-4fcb-807b-59c9055c52c4":1730,"94ef1985-cab1-4b39-a2f3-230120f03c16":1727,"a7d09522-bee2-41e4-8fe0-0b82b7f342f5":1712,"6c73764e-b8e6-4e55-ad37-f6a9d207da1f":1700,"b83029b6-5dd5-449e-8056-26f3943a4e18":1699,"50b1216b-d066-4457-b88b-9bccf97bf6d3":1684,"3e82142c-78dc-46f3-82ec-28e65fcf84c9":1614,"b39562a4-2b72-43fe-b9ba-eda1d651ad0b":1577,"076e8177-943b-41fc-a885-ba3d28297acf":1534},"productFacets":{"Non-GMO":4194,"Gluten Free":1186,"Dairy Free":518,"Vegetarian":461,"Low Fat":431,"Vegan":397,"Low Sugar":355,"Organic":260,"Halal":229,"Free Range":100,"Cage Free":47,"Keto":27,"Low Salt":24,"Healthy Heart Tick":1}}},"algoliaFacetQueriesResults":[],"totalHits":1000,"page":3,"totalPages":20,"hitsPerPage":50},
{"tobaccoProducts":false,"products":[{"productId":"5003885-EA-000","brand":"Pams","name":"White Sugar","displayName":"1.5kg","availability":["IN_STORE","ONLINE"],"saleType":"UNITS","restrictedFlag":false,"liquorFlag":false,"tobaccoFlag":false,"originRegulated":false,"singlePrice":{"price":299,"comparativePrice":{"pricePerUnit":20,"unitQuantity":100,"unitQuantityUom":"g","measureDescription":"100g"}},"facets":[{"itemCode":"00020002","itemDescription":"Halal"},{"itemCode":"00020007","itemDescription":"Dairy Free"},{"itemCode":"00020012","itemDescription":"Non-GMO"}],"categoryTrees":[{"level0":"Pantry","level1":"Baking Supplies & Sugar","level2":"Sugar"},{"level0":"Featured","level1":"Pams","level2":"Baking Supplies & Sugar"}],"cateredFlag":false,"algoliaAnalytics":{"searchQueryID":"bc9af2b9f4b2f1eee6c6fea255e9e412","searchPosition":101},"boughtBefore":false},{"productId":"5025965-EA-000","brand":"Vogel's","name":"Original Mixed Grain Sandwich Bread","displayName":"750g","availability":["IN_STORE","ONLINE"],"saleType":"UNITS","restrictedFlag":false,"liquorFlag":false,"tobaccoFlag":false,"originRegulated":false,"singlePrice":{"price":429,"comparativePrice":{"pricePerUnit":57,"unitQuantity":100,"unitQuantityUom":"g","measureDescription":"100g"}},"categoryTrees":[{"level0":"Bakery","level1":"Sliced & Packaged Bread","level2":"Wholemeal, Grain & Seeded Bread"},{"level0":"Featured","level1":"Back to School","level2":"Back to School Lunches","webContent":{"badgeSmallUrl":"","badgeMediumUrl":"","badgeLargeUrl":"","title":"","subTitle":"","campaignUrl":""},"appContent":{"badgeSmallUrl":"","badgeMediumUrl":"","badgeLargeUrl":"","title":"","subTitle":"","campaignUrl":""}}],"cateredFlag":false,"algoliaAnalytics":{"searchQueryID":"bc9af2b9f4b2f1eee6c6fea255e9e412","searchPosition":102},"boughtBefore":false},{"productId":"5047010-EA-000","name":"Fancy Green Lettuce","displayName":"ea","availability":["IN_STORE","ONLINE"],"saleType":"UNITS","restrictedFlag":false,"liquorFlag":false,"tobaccoFlag":false,"originRegulated":true,"originStatement":"Product of New Zealand","singlePrice":{"price":229},"categoryTrees":[{"level0":"Fruit & Vegetables","level1":"Vegetables","level2":"Lettuce, Spinach & Salad Greens"},{"level0":"Fruit & Vegetables","level1":"Fresh Salad & Herbs","level2":"Lettuce, Spinach & Salad Greens"}],"cateredFlag":false,"algoliaAnalytics":{"searchQueryID":"bc9af2b9f4b2f1eee6c6fea255e9e412","searchPosition":103},"boughtBefore":false},{"productId":"5005955-EA-000","brand":"Pams","name":"Italian Diced Tomatoes","displayName":"400g","availability":["IN_STORE","ONLINE"],"saleType":"UNITS","restrictedFlag":false,"liquorFlag":false,"tobaccoFlag":false,"originRegulated":false,"singlePrice":{"price":129,"comparativePrice":{"pricePerUnit":323,"unitQuantity":1,"unitQuantityUom":"kg","measureDescription":"1kg"}},"facets":[{"itemCode":"00020013","itemDescription":"Vegan"},{"itemCode":"00020007","itemDescription":"Dairy Free"},{"itemCode":"00020009","itemDescription":"Low Fat"},{"itemCode":"00020010","itemDescription":"Low Salt"},{"itemCode":"00020014","itemDescription":"Vegetarian"},{"itemCode":"00020012","itemDescription":"Non-GMO"},{"itemCode":"00020011","itemDescription":"Low Sugar"}],"categoryTrees":[{"level0":"Pantry","level1":"Canned Foods & Packets","level2":"Canned Tomatoes"},{"level0":"Featured","level1":"Pams","level2":"Canned & Prepared Foods"}],"cateredFlag":false,"algoliaAnalytics":{"searchQueryID":"bc9af2b9f4b2f1eee6c6fea255e9e412","searchPosition":104},"boughtBefore":false},{"productId":"5009952-EA-000","brand":"Sealord","name":"Smoked Flavour Tuna","displayName":"95g","availability":["IN_STORE","ONLINE"],"saleType":"UNITS","restrictedFlag":false,"liquorFlag":false,"tobaccoFlag":false,"originRegulated":false,"singlePrice":{"price":209,"comparativePrice":{"pricePerUnit":2200,"unitQuantity":1,"unitQuantityUom":"kg","measureDescription":"1kg"}},"facets":[{"itemCode":"00020012","itemDescription":"Non-GMO"}],"categoryTrees":[{"level0":"Pantry","level1":"Canned Foods & Packets","level2":"Canned Tuna"}],"cateredFlag":false,"algoliaAnalytics":{"searchQueryID":"bc9af2b9f4b2f1eee6c6fea255e9e412","searchPosition":105},"boughtBefore":false},{"productId":"5001970-EA-000","brand":"Solo's Choice","name":"Coconut Cream","displayName":"400ml","availability":["IN_STORE","ONLINE"],"saleType":"UNITS","restrictedFlag":false,"liquorFlag":false,"tobaccoFlag":false,"originRegulated":false,"singlePrice":{"price":169,"comparativePrice":{"pricePerUnit":42,"unitQuantity":100,"unitQuantityUom":"ml","measureDescription":"100ml"}},"categoryTrees":[{"level0":"Pantry","level1":"Canned Foods & Packets","level2":"Coconut Cream & Milk"}],"cateredFlag":false,"algoliaAnalytics":{"searchQueryID":"bc9af2b9f4b2f1eee6c6fea255e9e412","searchPosition":106},"boughtBefore":false},{"productId":"5013751-EA-000","brand":"Beehive","name":"Shaved Champagne Ham","displayName":"100g","availability":["IN_STORE","ONLINE"],"saleType":"UNITS","restrictedFlag":false,"liquorFlag":false,"tobaccoFlag":false,"originRegulated":true,"originStatement":"Made in New Zealand using pork from pigs raised in one or more of the countries: Australia, Belgium, Canada, Denmark, Finland, France, Germany, Ireland, Netherlands, Poland, UK, Spain, Sweden, USA.","singlePrice":{"price":259,"comparativePrice":{"pricePerUnit":2590,"unitQuantity":1,"unitQuantityUom":"kg","measureDescription":"1kg"}},"facets":[{"itemCode":"00020004","itemDescription":"Gluten Free"},{"itemCode":"00020009","itemDescription":"Low Fat"}],"categoryTrees":[{"level0":"Fridge, Deli & Eggs","level1":"Deli Meats & Smoked Fish","level2":"Ham & Pork Slices"},{"level0":"Meat, Poultry & Seafood","level1":"Deli Meats","level2":"Ham & Pork Slices"}],"cateredFlag":false,"algoliaAnalytics":{"searchQueryID":"bc9af2b9f4b2f1eee6c6fea255e9e412","searchPosition":107},"boughtBefore":false},{"productId":"5012874-EA-000","brand":"Special Blend","name":"Granulated Instant Coffee","displayName":"90g","availability":["IN_STORE","ONLINE"],"saleType":"UNITS","restrictedFlag":false,"liquorFlag":false,"tobaccoFlag":false,"originRegulated":false,"singlePrice":{"price":309,"comparativePrice":{"pricePerUnit":343,"unitQuantity":100,"unitQuantityUom":"g","measureDescription":"100g"}},"facets":[{"itemCode":"00020012","itemDescription":"Non-GMO"}],"categoryTrees":[{"level0":"Hot & Cold Drinks","level1":"Coffee","level2":"Instant Coffee"}],"cateredFlag":false,"algoliaAnalytics":{"searchQueryID":"bc9af2b9f4b2f1eee6c6fea255e9e412","searchPosition":108},"boughtBefore":false},{"productId":"5015314-EA-000","brand":"North's","name":"Multigrain Toast Sliced Bread","displayName":"600g","availability":["IN_STORE","ONLINE"],"saleType":"UNITS","restrictedFlag":false,"liquorFlag":false,"tobaccoFlag":false,"originRegulated":false,"singlePrice":{"price":249,"comparativePrice":{"pricePerUnit":42,"unitQuantity":100,"unitQuantityUom":"g","measureDescription":"100g"}},"facets":[{"itemCode":"00020012","itemDescription":"Non-GMO"}],"categoryTrees":[{"level0":"Bakery","level1":"Sliced & Packaged Bread","level2":"Wholemeal, Grain & Seeded Bread"}],"cateredFlag":false,"algoliaAnalytics":{"searchQueryID":"bc9af2b9f4b2f1eee6c6fea255e9e412","searchPosition":109},"boughtBefore":false},{"productId":"5013566-EA-000","brand":"Freya's","name":"Roggenbrot Dark Rye Bread","displayName":"750g","availability":["IN_STORE","ONLINE"],"saleType":"UNITS","restrictedFlag":false,"liquorFlag":false,"tobaccoFlag":false,"originRegulated":false,"singlePrice":{"price":359,"comparativePrice":{"pricePerUnit":48,"unitQuantity":100,"unitQuantityUom":"g","measureDescription":"100g"}},"facets":[{"itemCode":"00020012","itemDescription":"Non-GMO"}],"categoryTrees":[{"level0":"Bakery","level1":"Sliced & Packaged Bread","level2":"Wholemeal, Grain & Seeded Bread"}],"cateredFlag":false,"algoliaAnalytics":{"searchQueryID":"bc9af2b9f4b2f1eee6c6fea255e9e412","searchPosition":110},"boughtBefore":false},{"productId":"5046582-KGM-000","name":"Yellow Flesh Nectarines","displayName":"kg","availability":["IN_STORE","ONLINE"],"saleType":"BOTH","restrictedFlag":false,"liquorFlag":false,"tobaccoFlag":false,"originRegulated":true,"originStatement":"Product of New Zealand","variableWeight":{"unitOfMeasure":"g","averageWeight":140,"minOrderQuantity":200,"stepSize":100,"stepUnitOfMeasure":"g"},"singlePrice":{"price":799,"comparativePrice":{"pricePerUnit":799,"unitQuantity":1,"unitQuantityUom":"kg","measureDescription":"1kg"}},"categoryTrees":[{"level0":"Fruit & Vegetables","level1":"Fruit","level2":"Peaches, Nectarines & Stone Fruit"}],"cateredFlag":false,"algoliaAnalytics":{"searchQueryID":"bc9af2b9f4b2f1eee6c6fea255e9e412","searchPosition":111},"boughtBefore":false},{"productId":"5011074-EA-000","brand":"Ploughmans Bakery","name":"Country Grains Bread","displayName":"750g","availability":["IN_STORE","ONLINE"],"saleType":"UNITS","restrictedFlag":false,"liquorFlag":false,"tobaccoFlag":false,"originRegulated":false,"singlePrice":{"price":409,"comparativePrice":{"pricePerUnit":55,"unitQuantity":100,"unitQuantityUom":"g","measureDescription":"100g"}},"facets":[{"itemCode":"00020012","itemDescription":"Non-GMO"}],"categoryTrees":[{"level0":"Bakery","level1":"Sliced & Packaged Bread","level2":"Wholemeal, Grain & Seeded Bread"}],"cateredFlag":false,"algoliaAnalytics":{"searchQueryID":"bc9af2b9f4b2f1eee6c6fea255e9e412","searchPosition":112},"boughtBefore":false},{"productId":"5011078-EA-000","brand":"Ploughmans Bakery","name":"Soy & Canterbury Linseed Bread","displayName":"750g","availability":["IN_STORE","ONLINE"],"saleType":"UNITS","restrictedFlag":false,"liquorFlag":false,"tobaccoFlag":false,"originRegulated":false,"singlePrice":{"price":409,"comparativePrice":{"pricePerUnit":55,"unitQuantity":100,"unitQuantityUom":"g","measureDescription":"100g"}},"categoryTrees":[{"level0":"Bakery","level1":"Sliced & Packaged Bread","level2":"Wholemeal, Grain & Seeded Bread"}],"cateredFlag":false,"algoliaAnalytics":{"searchQueryID":"bc9af2b9f4b2f1eee6c6fea255e9e412","searchPosition":113},"boughtBefore":false},{"productId":"5000526-EA-000","brand":"Anchor","name":"Pure Cream","displayName":"300ml","availability":["IN_STORE","ONLINE"],"saleType":"UNITS","restrictedFlag":false,"liquorFlag":false,"tobaccoFlag":false,"originRegulated":false,"singlePrice":{"price":315,"comparativePrice":{"pricePerUnit":105,"unitQuantity":100,"unitQuantityUom":"ml","measureDescription":"100ml"}},"facets":[{"itemCode":"00020012","itemDescription":"Non-GMO"}],"categoryTrees":[{"level0":"Fridge, Deli & Eggs","level1":"Cream, Custard & Desserts","level2":"Fresh Cream"}],"cateredFlag":false,"algoliaAnalytics":{"searchQueryID":"bc9af2b9f4b2f1eee6c6fea255e9e412","searchPosition":114},"boughtBefore":false},{"productId":"5011075-EA-000","brand":"Ploughmans Bakery","name":"Farmhouse Wholemeal Bread","displayName":"750g","availability":["IN_STORE","ONLINE"],"saleType":"UNITS","restrictedFlag":false,"liquorFlag":false,"tobaccoFlag":false,"originRegulated":false,"singlePrice":{"price":409,"comparativePrice":{"pricePerUnit":55,"unitQuantity":100,"unitQuantityUom":"g","measureDescription":"100g"}},"categoryTrees":[{"level0":"Bakery","level1":"Sliced & Packaged Bread","level2":"Wholemeal, Grain & Seeded Bread"}],"cateredFlag":false,"algoliaAnalytics":{"searchQueryID":"bc9af2b9f4b2f1eee6c6fea255e9e412","searchPosition":115},"boughtBefore":false},{"productId":"5039970-KGM-000","name":"Green Courgettes","displayName":"kg","availability":["IN_STORE","ONLINE"],"saleType":"BOTH","restrictedFlag":false,"liquorFlag":false,"tobaccoFlag":false,"originRegulated":true,"originStatement":"Product of New Zealand","variableWeight":{"unitOfMeasure":"g","averageWeight":170,"minOrderQuantity":100,"stepSize":100,"stepUnitOfMeasure":"g"},"singlePrice":{"price":500,"promoId":"130059698","comparativePrice":{"pricePerUnit":500,"unitQuantity":1,"unitQuantityUom":"kg","measureDescription":"1kg"}},"promotions":[{"promoId":"130059698","rewardValue":500,"decal":"6000","sapType":"BASE","rewardType":"NEW_PRICE","threshold":1,"limit":0,"multiProducts":false,"cardDependencyFlag":false,"bestPromotion":true,"comparativePrice":{"pricePerUnit":500,"unitQuantity":1,"unitQuantityUom":"kg","measureDescription":"1kg"}}],"categoryTrees":[{"level0":"Fruit & Vegetables","level1":"Vegetables","level2":"Courgettes & Eggplant"}],"cateredFlag":false,"algoliaAnalytics":{"searchQueryID":"bc9af2b9f4b2f1eee6c6fea255e9e412","searchPosition":116},"boughtBefore":false},{"productId":"5010826-EA-000","brand":"Eta Ripple Cut","name":"Ready Salted Potato Chips","displayName":"150g","availability":["IN_STORE","ONLINE"],"saleType":"UNITS","restrictedFlag":false,"liquorFlag":false,"tobaccoFlag":false,"originRegulated":false,"marketingInitiatives":[{"initiativeCode":"AOV"}],"singlePrice":{"price":189,"promoId":"129963849","comparativePrice":{"pricePerUnit":126,"unitQuantity":100,"unitQuantityUom":"g","measureDescription":"100g"}},"promotions":[{"promoId":"129963850","rewardValue":500,"decal":"6000","sapType":"LAYERED","rewardType":"NEW_PRICE","threshold":3,"multiProducts":true,"cardDependencyFlag":false,"bestPromotion":true,"comparativePrice":{"pricePerUnit":111,"unitQuantity":100,"unitQuantityUom":"g","measureDescription":"100g"}}],"facets":[{"itemCode":"00020004","itemDescription":"Gluten Free"},{"itemCode":"00020012","itemDescription":"Non-GMO"},{"itemCode":"00020014","itemDescription":"Vegetarian"}],"categoryTrees":[{"level0":"Snacks, Treats & Easy Meals","level1":"Chips, Nuts & Snacks","level2":"Chips"},{"level0":"Pantry","level1":"Chips, Nuts & Snacks","level2":"Chips"},{"level0":"$5 Week 1","level1":"$5 Week 1","level2":"Deals","webContent":{"badgeSmallUrl":"","badgeMediumUrl":"","badgeLargeUrl":"","title":"","subTitle":"","campaignUrl":""},"appContent":{"badgeSmallUrl":"","badgeMediumUrl":"","badgeLargeUrl":"","title":"","subTitle":"","campaignUrl":""}}],"cateredFlag":false,"algoliaAnalytics":{"searchQueryID":"bc9af2b9f4b2f1eee6c6fea255e9e412","searchPosition":117},"boughtBefore":false},{"productId":"5103018-KGM-000","name":"NZ Pork Shoulder Chops","displayName":"kg","availability":["IN_STORE","ONLINE"],"saleType":"WEIGHT","restrictedFlag":false,"liquorFlag":false,"tobaccoFlag":false,"originRegulated":true,"originStatement":"Product of New Zealand","variableWeight":{"minOrderQuantity":500,"stepSize":500,"stepUnitOfMeasure":"g"},"singlePrice":{"price":1299,"comparativePrice":{"pricePerUnit":1299,"unitQuantity":1,"unitQuantityUom":"kg","measureDescription":"1kg"}},"categoryTrees":[{"level0":"Meat, Poultry & Seafood","level1":"Pork & Ham","level2":"Pork Cutlets & Chops"}],"cateredFlag":false,"algoliaAnalytics":{"searchQueryID":"bc9af2b9f4b2f1eee6c6fea255e9e412","searchPosition":118},"boughtBefore":false},{"productId":"5010825-EA-000","brand":"Eta Ripple Cut","name":"Chicken Potato Chips","displayName":"150g","availability":["IN_STORE","ONLINE"],"saleType":"UNITS","restrictedFlag":false,"liquorFlag":false,"tobaccoFlag":false,"originRegulated":false,"singlePrice":{"price":189,"promoId":"129963849","comparativePrice":{"pricePerUnit":126,"unitQuantity":100,"unitQuantityUom":"g","measureDescription":"100g"}},"promotions":[{"promoId":"129963850","rewardValue":500,"decal":"6000","sapType":"LAYERED","rewardType":"NEW_PRICE","threshold":3,"multiProducts":true,"cardDependencyFlag":false,"bestPromotion":true,"comparativePrice":{"pricePerUnit":111,"unitQuantity":100,"unitQuantityUom":"g","measureDescription":"100g"}}],"facets":[{"itemCode":"00020012","itemDescription":"Non-GMO"},{"itemCode":"00020004","itemDescription":"Gluten Free"}],"categoryTrees":[{"level0":"Snacks, Treats & Easy Meals","level1":"Chips, Nuts & Snacks","level2":"Chips"},{"level0":"Pantry","level1":"Chips, Nuts & Snacks","level2":"Chips"},{"level0":"$5 Week 1","level1":"$5 Week 1","level2":"Deals","webContent":{"badgeSmallUrl":"","badgeMediumUrl":"","badgeLargeUrl":"","title":"","subTitle":"","campaignUrl":""},"appContent":{"badgeSmallUrl":"","badgeMediumUrl":"","badgeLargeUrl":"","title":"","subTitle":"","campaignUrl":""}}],"cateredFlag":false,"algoliaAnalytics":{"searchQueryID":"bc9af2b9f4b2f1eee6c6fea255e9e412","searchPosition":119},"boughtBefore":false},{"productId":"5003157-EA-000","brand":"Olivani","name":"Olive Oil Spread","displayName":"500g","availability":["IN_STORE","ONLINE"],"saleType":"UNITS","restrictedFlag":false,"liquorFlag":false,"tobaccoFlag":false,"originRegulated":false,"singlePrice":{"price":549,"comparativePrice":{"pricePerUnit":110,"unitQuantity":100,"unitQuantityUom":"g","measureDescription":"100g"}},"facets":[{"itemCode":"00020014","itemDescription":"Vegetarian"},{"itemCode":"00020013","itemDescription":"Vegan"},{"itemCode":"00020012","itemDescription":"Non-GMO"}],"categoryTrees":[{"level0":"Fridge, Deli & Eggs","level1":"Butter & Margarine","level2":"Dairy Free Spreads"},{"level0":"Featured","level1":"Back to School","level2":"Back to School Lunches","webContent":{"badgeSmallUrl":"","badgeMediumUrl":"","badgeLargeUrl":"","title":"","subTitle":"","campaignUrl":""},"appContent":{"badgeSmallUrl":"","badgeMediumUrl":"","badgeLargeUrl":"","title":"","subTitle":"","campaignUrl":""}}],"cateredFlag":false,"algoliaAnalytics":{"searchQueryID":"bc9af2b9f4b2f1eee6c6fea255e9e412","searchPosition":120},"boughtBefore":false},{"productId":"5002082-EA-000","brand":"Wattie's","name":"Spaghetti In Tomato Sauce","displayName":"420g","availability":["IN_STORE","ONLINE"],"saleType":"UNITS","restrictedFlag":false,"liquorFlag":false,"tobaccoFlag":false,"originRegulated":false,"singlePrice":{"price":219,"comparativePrice":{"pricePerUnit":52,"unitQuantity":100,"unitQuantityUom":"g","measureDescription":"100g"}},"facets":[{"itemCode":"00020012","itemDescription":"Non-GMO"},{"itemCode":"00020009","itemDescription":"Low Fat"}],"categoryTrees":[{"level0":"Pantry","level1":"Canned Foods & Packets","level2":"Baked Beans & Spaghetti"}],"cateredFlag":false,"algoliaAnalytics":{"searchQueryID":"bc9af2b9f4b2f1eee6c6fea255e9e412","searchPosition":121},"boughtBefore":false},{"productId":"5019426-EA-000","brand":"Pams","name":"Streaky Bacon","displayName":"250g","availability":["IN_STORE","ONLINE"],"saleType":"UNITS","restrictedFlag":false,"liquorFlag":false,"tobaccoFlag":false,"originRegulated":true,"originStatement":"Made in New Zealand; Raised in Belgium; Raised in Denmark; Raised in Finland; Raised in Germany; Raised in Poland; Raised in Spain; Made in New Zealand from pigs raised in one or more of the following countries: Belgium, Denmark, Finland, Germany, Poland, Spain","singlePrice":{"price":599,"comparativePrice":{"pricePerUnit":2396,"unitQuantity":1,"unitQuantityUom":"kg","measureDescription":"1kg"}},"facets":[{"itemCode":"00020004","itemDescription":"Gluten Free"},{"itemCode":"00020012","itemDescription":"Non-GMO"},{"itemCode":"00020007","itemDescription":"Dairy Free"}],"categoryTrees":[{"level0":"Fridge, Deli & Eggs","level1":"Deli Meats & Smoked Fish","level2":"Bacon"},{"level0":"Meat, Poultry & Seafood","level1":"Deli Meats","level2":"Bacon"},{"level0":"Featured","level1":"Pams","level2":"Deli, Salads & Cooked Meats"}],"cateredFlag":false,"algoliaAnalytics":{"searchQueryID":"bc9af2b9f4b2f1eee6c6fea255e9e412","searchPosition":122},"boughtBefore":false},{"productId":"5031176-EA-000","brand":"Sorbent","name":"Hypo-Allergenic 3 Ply Long Toilet Rolls","displayName":"12 x 270 sheets","availability":["IN_STORE","ONLINE"],"saleType":"UNITS","restrictedFlag":false,"liquorFlag":false,"tobaccoFlag":false,"originRegulated":false,"singlePrice":{"price":999,"promoId":"129996130","comparativePrice":{"pricePerUnit":31,"unitQuantity":100,"unitQuantityUom":"sheets","measureDescription":"100 sheets"}},"promotions":[{"promoId":"129996130","rewardValue":999,"decal":"6000","sapType":"BASE","rewardType":"NEW_PRICE","threshold":1,"limit":0,"multiProducts":false,"cardDependencyFlag":false,"bestPromotion":true,"comparativePrice":{"pricePerUnit":31,"unitQuantity":100,"unitQuantityUom":"sheets","measureDescription":"100 sheets"}}],"categoryTrees":[{"level0":"Household & Cleaning","level1":"Toilet Paper, Tissues & Paper Towels","level2":"Toilet Paper"}],"cateredFlag":false,"algoliaAnalytics":{"searchQueryID":"bc9af2b9f4b2f1eee6c6fea255e9e412","searchPosition":123},"boughtBefore":false},{"productId":"5201486-EA-000","brand":"Pams Value","name":"Trim Milk","displayName":"2l","availability":["IN_STORE","ONLINE"],"saleType":"UNITS","restrictedFlag":false,"liquorFlag":false,"tobaccoFlag":false,"originRegulated":false,"singlePrice":{"price":452,"comparativePrice":{"pricePerUnit":226,"unitQuantity":1,"unitQuantityUom":"L","measureDescription":"1L"}},"facets":[{"itemCode":"00020009","itemDescription":"Low Fat"},{"itemCode":"00020012","itemDescription":"Non-GMO"}],"categoryTrees":[{"level0":"Fridge, Deli & Eggs","level1":"Milk","level2":"Fresh Milk"}],"cateredFlag":false,"algoliaAnalytics":{"searchQueryID":"bc9af2b9f4b2f1eee6c6fea255e9e412","searchPosition":124},"boughtBefore":false},{"productId":"5009708-EA-000","brand":"Maggi","name":"Onion Soup Mix","displayName":"32g","availability":["IN_STORE","ONLINE"],"saleType":"UNITS","restrictedFlag":false,"liquorFlag":false,"tobaccoFlag":false,"originRegulated":false,"singlePrice":{"price":129,"comparativePrice":{"pricePerUnit":403,"unitQuantity":100,"unitQuantityUom":"g","measureDescription":"100g"}},"categoryTrees":[{"level0":"Pantry","level1":"Canned Foods & Packets","level2":"Canned & Packet Soup"}],"cateredFlag":false,"algoliaAnalytics":{"searchQueryID":"bc9af2b9f4b2f1eee6c6fea255e9e412","searchPosition":125},"boughtBefore":false},{"productId":"5002634-EA-000","brand":"Diamond","name":"Spaghetti Pasta","displayName":"500g","availability":["IN_STORE","ONLINE"],"saleType":"UNITS","restrictedFlag":false,"liquorFlag":false,"tobaccoFlag":false,"originRegulated":false,"singlePrice":{"price":229,"promoId":"129964626","comparativePrice":{"pricePerUnit":46,"unitQuantity":100,"unitQuantityUom":"g","measureDescription":"100g"}},"promotions":[{"promoId":"129964626","rewardValue":229,"decal":"6000","sapType":"BASE","rewardType":"NEW_PRICE","threshold":1,"limit":0,"multiProducts":false,"cardDependencyFlag":false,"bestPromotion":true,"comparativePrice":{"pricePerUnit":46,"unitQuantity":100,"unitQuantityUom":"g","measureDescription":"100g"}}],"categoryTrees":[{"level0":"Pantry","level1":"Pasta, Rice & Noodles","level2":"Dried Pasta"}],"cateredFlag":false,"algoliaAnalytics":{"searchQueryID":"bc9af2b9f4b2f1eee6c6fea255e9e412","searchPosition":126},"boughtBefore":false},{"productId":"5030846-EA-000","brand":"Meadow Fresh","name":"Traditional Cream Cheese","displayName":"250g","availability":["IN_STORE","ONLINE"],"saleType":"UNITS","restrictedFlag":false,"liquorFlag":false,"tobaccoFlag":false,"originRegulated":false,"singlePrice":{"price":459,"comparativePrice":{"pricePerUnit":184,"unitQuantity":100,"unitQuantityUom":"g","measureDescription":"100g"}},"facets":[{"itemCode":"00020014","itemDescription":"Vegetarian"},{"itemCode":"00020004","itemDescription":"Gluten Free"},{"itemCode":"00020012","itemDescription":"Non-GMO"}],"categoryTrees":[{"level0":"Fridge, Deli & Eggs","level1":"Cheese","level2":"Cream Cheese & Cottage Cheese"}],"cateredFlag":false,"algoliaAnalytics":{"searchQueryID":"bc9af2b9f4b2f1eee6c6fea255e9e412","searchPosition":127},"boughtBefore":false},{"productId":"5216883-EA-000","brand":"Pams Value","name":"White 2 Ply Facial Tissues","displayName":"250pk","availability":["IN_STORE","ONLINE"],"saleType":"UNITS","restrictedFlag":false,"liquorFlag":false,"tobaccoFlag":false,"originRegulated":false,"singlePrice":{"price":189,"comparativePrice":{"pricePerUnit":76,"unitQuantity":100,"unitQuantityUom":" ","measureDescription":"100"}},"facets":[{"itemCode":"00020012","itemDescription":"Non-GMO"}],"categoryTrees":[{"level0":"Health & Body","level1":"Tissues & Cotton Wool","level2":"Tissues"},{"level0":"Household & Cleaning","level1":"Toilet Paper, Tissues & Paper Towels","level2":"Tissues"}],"cateredFlag":false,"algoliaAnalytics":{"searchQueryID":"bc9af2b9f4b2f1eee6c6fea255e9e412","searchPosition":128},"boughtBefore":false},{"productId":"5015312-EA-000","brand":"North's","name":"White Toast Sliced Bread","displayName":"600g","availability":["IN_STORE","ONLINE"],"saleType":"UNITS","restrictedFlag":false,"liquorFlag":false,"tobaccoFlag":false,"originRegulated":false,"singlePrice":{"price":249,"comparativePrice":{"pricePerUnit":42,"unitQuantity":100,"unitQuantityUom":"g","measureDescription":"100g"}},"facets":[{"itemCode":"00020012","itemDescription":"Non-GMO"}],"categoryTrees":[{"level0":"Bakery","level1":"Sliced & Packaged Bread","level2":"White Bread"}],"cateredFlag":false,"algoliaAnalytics":{"searchQueryID":"bc9af2b9f4b2f1eee6c6fea255e9e412","searchPosition":129},"boughtBefore":false},{"productId":"5001313-EA-000","brand":"Anchor","name":"Original Soft Spreadable Dairy Blend","displayName":"500g","availability":["IN_STORE","ONLINE"],"saleType":"UNITS","restrictedFlag":false,"liquorFlag":false,"tobaccoFlag":false,"originRegulated":false,"singlePrice":{"price":659,"promoId":"129963861","comparativePrice":{"pricePerUnit":132,"unitQuantity":100,"unitQuantityUom":"g","measureDescription":"100g"}},"promotions":[{"promoId":"129963861","rewardValue":659,"decal":"6000","sapType":"BASE","rewardType":"NEW_PRICE","threshold":1,"limit":0,"multiProducts":false,"cardDependencyFlag":false,"bestPromotion":true,"comparativePrice":{"pricePerUnit":132,"unitQuantity":100,"unitQuantityUom":"g","measureDescription":"100g"}}],"facets":[{"itemCode":"00020012","itemDescription":"Non-GMO"}],"categoryTrees":[{"level0":"Fridge, Deli & Eggs","level1":"Butter & Margarine","level2":"Margarine & Spreads"}],"cateredFlag":false,"algoliaAnalytics":{"searchQueryID":"bc9af2b9f4b2f1eee6c6fea255e9e412","searchPosition":130},"boughtBefore":false},{"productId":"5005217-EA-000","brand":"Cadbury","name":"Crunchie Chocolate Bar","displayName":"50g","availability":["IN_STORE","ONLINE"],"saleType":"UNITS","restrictedFlag":false,"liquorFlag":false,"tobaccoFlag":false,"originRegulated":false,"singlePrice":{"price":99,"promoId":"129993793","comparativePrice":{"pricePerUnit":198,"unitQuantity":100,"unitQuantityUom":"g","measureDescription":"100g"}},"promotions":[{"promoId":"129993793","rewardValue":99,"decal":"6000","sapType":"BASE","rewardType":"NEW_PRICE","threshold":1,"limit":0,"multiProducts":false,"cardDependencyFlag":false,"bestPromotion":true,"comparativePrice":{"pricePerUnit":198,"unitQuantity":100,"unitQuantityUom":"g","measureDescription":"100g"}}],"facets":[{"itemCode":"00020012","itemDescription":"Non-GMO"}],"categoryTrees":[{"level0":"Snacks, Treats & Easy Meals","level1":"Chocolate, Sweets & Chewing Gum","level2":"Single Chocolate Bars & Sweets"},{"level0":"Pantry","level1":"Chocolate, Sweets & Chewing Gum","level2":"Single Chocolate Bars & Sweets"}],"cateredFlag":false,"algoliaAnalytics":{"searchQueryID":"bc9af2b9f4b2f1eee6c6fea255e9e412","searchPosition":131},"boughtBefore":false},{"productId":"5201801-EA-000","brand":"Pams Value","name":"Lite Milk","displayName":"1l","availability":["IN_STORE","ONLINE"],"saleType":"UNITS","restrictedFlag":false,"liquorFlag":false,"tobaccoFlag":false,"originRegulated":false,"singlePrice":{"price":296,"comparativePrice":{"pricePerUnit":296,"unitQuantity":1,"unitQuantityUom":"L","measureDescription":"1L"}},"facets":[{"itemCode":"00020012","itemDescription":"Non-GMO"}],"categoryTrees":[{"level0":"Fridge, Deli & Eggs","level1":"Milk","level2":"Fresh Milk"}],"cateredFlag":false,"algoliaAnalytics":{"searchQueryID":"bc9af2b9f4b2f1eee6c6fea255e9e412","searchPosition":132},"boughtBefore":false},{"productId":"5046562-EA-000","name":"NZ Celery","displayName":"ea","availability":["IN_STORE","ONLINE"],"saleType":"UNITS","restrictedFlag":false,"liquorFlag":false,"tobaccoFlag":false,"originRegulated":true,"originStatement":"Product of New Zealand","singlePrice":{"price":429},"categoryTrees":[{"level0":"Fruit & Vegetables","level1":"Vegetables","level2":"Lettuce, Spinach & Salad Greens"},{"level0":"Fruit & Vegetables","level1":"Vegetables","level2":"Carrots & Root Vegetables"},{"level0":"Fruit & Vegetables","level1":"Fresh Salad & Herbs","level2":"Lettuce, Spinach & Salad Greens"}],"cateredFlag":false,"algoliaAnalytics":{"searchQueryID":"bc9af2b9f4b2f1eee6c6fea255e9e412","searchPosition":133},"boughtBefore":false},{"productId":"5001343-EA-000","brand":"Pacific Crown","name":"Mackerel In Oil Fish","displayName":"425g","availability":["IN_STORE","ONLINE"],"saleType":"UNITS","restrictedFlag":false,"liquorFlag":false,"tobaccoFlag":false,"originRegulated":false,"singlePrice":{"price":249,"comparativePrice":{"pricePerUnit":586,"unitQuantity":1,"unitQuantityUom":"kg","measureDescription":"1kg"}},"categoryTrees":[{"level0":"Pantry","level1":"Canned Foods & Packets","level2":"Canned Salmon & Other Seafood"}],"cateredFlag":false,"algoliaAnalytics":{"searchQueryID":"bc9af2b9f4b2f1eee6c6fea255e9e412","searchPosition":134},"boughtBefore":false},{"productId":"5010165-EA-000","brand":"Eta Ripple Cut","name":"Sour Cream & Chives Potato Chips","displayName":"150g","availability":["IN_STORE","ONLINE"],"saleType":"UNITS","restrictedFlag":false,"liquorFlag":false,"tobaccoFlag":false,"originRegulated":false,"singlePrice":{"price":189,"promoId":"129963849","comparativePrice":{"pricePerUnit":126,"unitQuantity":100,"unitQuantityUom":"g","measureDescription":"100g"}},"promotions":[{"promoId":"129963850","rewardValue":500,"decal":"6000","sapType":"LAYERED","rewardType":"NEW_PRICE","threshold":3,"multiProducts":true,"cardDependencyFlag":false,"bestPromotion":true,"comparativePrice":{"pricePerUnit":111,"unitQuantity":100,"unitQuantityUom":"g","measureDescription":"100g"}}],"facets":[{"itemCode":"00020004","itemDescription":"Gluten Free"},{"itemCode":"00020014","itemDescription":"Vegetarian"},{"itemCode":"00020012","itemDescription":"Non-GMO"}],"categoryTrees":[{"level0":"Snacks, Treats & Easy Meals","level1":"Chips, Nuts & Snacks","level2":"Chips"},{"level0":"Pantry","level1":"Chips, Nuts & Snacks","level2":"Chips"},{"level0":"$5 Week 1","level1":"$5 Week 1","level2":"Deals","webContent":{"badgeSmallUrl":"","badgeMediumUrl":"","badgeLargeUrl":"","title":"","subTitle":"","campaignUrl":""},"appContent":{"badgeSmallUrl":"","badgeMediumUrl":"","badgeLargeUrl":"","title":"","subTitle":"","campaignUrl":""}}],"cateredFlag":false,"algoliaAnalytics":{"searchQueryID":"bc9af2b9f4b2f1eee6c6fea255e9e412","searchPosition":135},"boughtBefore":false},{"productId":"5264180-EA-000","brand":"Pams","name":"Brushed Agria Potatoes","displayName":"3kg","availability":["IN_STORE","ONLINE"],"saleType":"UNITS","restrictedFlag":false,"liquorFlag":false,"tobaccoFlag":false,"originRegulated":true,"originStatement":"Product of New Zealand","singlePrice":{"price":1049,"comparativePrice":{"pricePerUnit":350,"unitQuantity":1,"unitQuantityUom":"kg","measureDescription":"1kg"}},"facets":[{"itemCode":"00020007","itemDescription":"Dairy Free"},{"itemCode":"00020012","itemDescription":"Non-GMO"}],"categoryTrees":[{"level0":"Fruit & Vegetables","level1":"Vegetables","level2":"Potato & Kumara"}],"cateredFlag":false,"algoliaAnalytics":{"searchQueryID":"bc9af2b9f4b2f1eee6c6fea255e9e412","searchPosition":136},"boughtBefore":false},{"productId":"5016928-EA-000","brand":"Sealord","name":"Sweet Thai Chilli Tuna","displayName":"95g","availability":["IN_STORE","ONLINE"],"saleType":"UNITS","restrictedFlag":false,"liquorFlag":false,"tobaccoFlag":false,"originRegulated":false,"singlePrice":{"price":209,"comparativePrice":{"pricePerUnit":2200,"unitQuantity":1,"unitQuantityUom":"kg","measureDescription":"1kg"}},"facets":[{"itemCode":"00020012","itemDescription":"Non-GMO"}],"categoryTrees":[{"level0":"Pantry","level1":"Canned Foods & Packets","level2":"Canned Tuna"}],"cateredFlag":false,"algoliaAnalytics":{"searchQueryID":"bc9af2b9f4b2f1eee6c6fea255e9e412","searchPosition":137},"boughtBefore":false},{"productId":"5010068-EA-000","brand":"Special Blend","name":"Instant Coffee","displayName":"90g","availability":["IN_STORE","ONLINE"],"saleType":"UNITS","restrictedFlag":false,"liquorFlag":false,"tobaccoFlag":false,"originRegulated":false,"singlePrice":{"price":309,"comparativePrice":{"pricePerUnit":343,"unitQuantity":100,"unitQuantityUom":"g","measureDescription":"100g"}},"facets":[{"itemCode":"00020012","itemDescription":"Non-GMO"}],"categoryTrees":[{"level0":"Hot & Cold Drinks","level1":"Coffee","level2":"Instant Coffee"}],"cateredFlag":false,"algoliaAnalytics":{"searchQueryID":"bc9af2b9f4b2f1eee6c6fea255e9e412","searchPosition":138},"boughtBefore":false},{"productId":"5104657-KGM-000","name":"Lamb Leg Roast","displayName":"kg","availability":["IN_STORE","ONLINE"],"saleType":"WEIGHT","restrictedFlag":false,"liquorFlag":false,"tobaccoFlag":false,"originRegulated":true,"originStatement":"Product of New Zealand","variableWeight":{"averageWeight":2,"minOrderQuantity":2000,"stepSize":100,"stepUnitOfMeasure":"g"},"singlePrice":{"price":2549,"comparativePrice":{"pricePerUnit":2549,"unitQuantity":1,"unitQuantityUom":"kg","measureDescription":"1kg"}},"categoryTrees":[{"level0":"Meat, Poultry & Seafood","level1":"Lamb","level2":"Roast Lamb & Large Cuts"}],"cateredFlag":false,"algoliaAnalytics":{"searchQueryID":"bc9af2b9f4b2f1eee6c6fea255e9e412","searchPosition":139},"boughtBefore":false},{"productId":"5010350-EA-000","brand":"Handee","name":"Ultra 2 Ply Paper Towels","displayName":"2 x 60 sheets","availability":["IN_STORE","ONLINE"],"saleType":"UNITS","restrictedFlag":false,"liquorFlag":false,"tobaccoFlag":false,"originRegulated":false,"marketingInitiatives":[{"initiativeCode":"AOV"}],"singlePrice":{"price":279,"promoId":"129996154","comparativePrice":{"pricePerUnit":233,"unitQuantity":100,"unitQuantityUom":"sheets","measureDescription":"100 sheets"}},"promotions":[{"promoId":"129996277","rewardValue":500,"decal":"6000","sapType":"LAYERED","rewardType":"NEW_PRICE","threshold":2,"multiProducts":false,"cardDependencyFlag":false,"bestPromotion":true,"comparativePrice":{"pricePerUnit":208,"unitQuantity":100,"unitQuantityUom":"sheets","measureDescription":"100 sheets"}}],"categoryTrees":[{"level0":"Household & Cleaning","level1":"Toilet Paper, Tissues & Paper Towels","level2":"Paper Towels"},{"level0":"$5 Week 1","level1":"$5 Week 1","level2":"Deals","webContent":{"badgeSmallUrl":"","badgeMediumUrl":"","badgeLargeUrl":"","title":"","subTitle":"","campaignUrl":""},"appContent":{"badgeSmallUrl":"","badgeMediumUrl":"","badgeLargeUrl":"","title":"","subTitle":"","campaignUrl":""}}],"cateredFlag":false,"algoliaAnalytics":{"searchQueryID":"bc9af2b9f4b2f1eee6c6fea255e9e412","searchPosition":140},"boughtBefore":false},{"productId":"5010481-EA-000","brand":"Cadbury","name":"Dairy Milk Chocolate Bar","displayName":"50g","availability":["IN_STORE","ONLINE"],"saleType":"UNITS","restrictedFlag":false,"liquorFlag":false,"tobaccoFlag":false,"originRegulated":false,"singlePrice":{"price":99,"promoId":"129993790","comparativePrice":{"pricePerUnit":198,"unitQuantity":100,"unitQuantityUom":"g","measureDescription":"100g"}},"promotions":[{"promoId":"129993790","rewardValue":99,"decal":"6000","sapType":"BASE","rewardType":"NEW_PRICE","threshold":1,"limit":0,"multiProducts":false,"cardDependencyFlag":false,"bestPromotion":true,"comparativePrice":{"pricePerUnit":198,"unitQuantity":100,"unitQuantityUom":"g","measureDescription":"100g"}}],"facets":[{"itemCode":"00020012","itemDescription":"Non-GMO"}],"categoryTrees":[{"level0":"Snacks, Treats & Easy Meals","level1":"Chocolate, Sweets & Chewing Gum","level2":"Single Chocolate Bars & Sweets"},{"level0":"Pantry","level1":"Chocolate, Sweets & Chewing Gum","level2":"Single Chocolate Bars & Sweets"}],"cateredFlag":false,"algoliaAnalytics":{"searchQueryID":"bc9af2b9f4b2f1eee6c6fea255e9e412","searchPosition":141},"boughtBefore":false},{"productId":"5039973-EA-000","brand":"Pams Fresh","name":"Cherry Tomatoes","displayName":"250g","availability":["IN_STORE","ONLINE"],"saleType":"UNITS","restrictedFlag":false,"liquorFlag":false,"tobaccoFlag":false,"originRegulated":true,"originStatement":"Product of New Zealand","singlePrice":{"price":449,"comparativePrice":{"pricePerUnit":1796,"unitQuantity":1,"unitQuantityUom":"kg","measureDescription":"1kg"}},"facets":[{"itemCode":"00020007","itemDescription":"Dairy Free"},{"itemCode":"00020012","itemDescription":"Non-GMO"}],"categoryTrees":[{"level0":"Fruit & Vegetables","level1":"Vegetables","level2":"Tomatoes, Cucumber & Capsicum"}],"cateredFlag":false,"algoliaAnalytics":{"searchQueryID":"bc9af2b9f4b2f1eee6c6fea255e9e412","searchPosition":142},"boughtBefore":false},{"productId":"5249650-EA-000","brand":"Cadbury Dairy Milk","name":"Chocolate Block","displayName":"180g","availability":["IN_STORE","ONLINE"],"saleType":"UNITS","restrictedFlag":false,"liquorFlag":false,"tobaccoFlag":false,"originRegulated":false,"marketingInitiatives":[{"initiativeCode":"AOV"}],"singlePrice":{"price":329,"promoId":"130003269","comparativePrice":{"pricePerUnit":183,"unitQuantity":100,"unitQuantityUom":"g","measureDescription":"100g"}},"promotions":[{"promoId":"130003269","rewardValue":329,"decal":"6000","sapType":"BASE","rewardType":"NEW_PRICE","threshold":1,"limit":0,"multiProducts":false,"cardDependencyFlag":false,"bestPromotion":true,"comparativePrice":{"pricePerUnit":183,"unitQuantity":100,"unitQuantityUom":"g","measureDescription":"100g"}}],"facets":[{"itemCode":"00020012","itemDescription":"Non-GMO"}],"categoryTrees":[{"level0":"Snacks, Treats & Easy Meals","level1":"Chocolate, Sweets & Chewing Gum","level2":"Chocolate Blocks"},{"level0":"Pantry","level1":"Chocolate, Sweets & Chewing Gum","level2":"Chocolate Blocks"}],"cateredFlag":false,"algoliaAnalytics":{"searchQueryID":"bc9af2b9f4b2f1eee6c6fea255e9e412","searchPosition":143},"boughtBefore":false},{"productId":"5004739-EA-000","brand":"Cadbury","name":"Picnic Chocolate Bar","displayName":"46g","availability":["IN_STORE","ONLINE"],"saleType":"UNITS","restrictedFlag":false,"liquorFlag":false,"tobaccoFlag":false,"originRegulated":false,"singlePrice":{"price":99,"promoId":"129993785","comparativePrice":{"pricePerUnit":215,"unitQuantity":100,"unitQuantityUom":"g","measureDescription":"100g"}},"promotions":[{"promoId":"129993785","rewardValue":99,"decal":"6000","sapType":"BASE","rewardType":"NEW_PRICE","threshold":1,"limit":0,"multiProducts":false,"cardDependencyFlag":false,"bestPromotion":true,"comparativePrice":{"pricePerUnit":215,"unitQuantity":100,"unitQuantityUom":"g","measureDescription":"100g"}}],"categoryTrees":[{"level0":"Snacks, Treats & Easy Meals","level1":"Chocolate, Sweets & Chewing Gum","level2":"Single Chocolate Bars & Sweets"},{"level0":"Pantry","level1":"Chocolate, Sweets & Chewing Gum","level2":"Single Chocolate Bars & Sweets"}],"cateredFlag":false,"algoliaAnalytics":{"searchQueryID":"bc9af2b9f4b2f1eee6c6fea255e9e412","searchPosition":144},"boughtBefore":false},{"productId":"5268696-EA-000","brand":"Pams","name":"Tasty Cheddar Cheese","displayName":"800g","availability":["IN_STORE","ONLINE"],"saleType":"UNITS","restrictedFlag":false,"liquorFlag":false,"tobaccoFlag":false,"originRegulated":false,"singlePrice":{"price":1259,"comparativePrice":{"pricePerUnit":157,"unitQuantity":100,"unitQuantityUom":"g","measureDescription":"100g"}},"facets":[{"itemCode":"00020014","itemDescription":"Vegetarian"},{"itemCode":"00020012","itemDescription":"Non-GMO"}],"categoryTrees":[{"level0":"Fridge, Deli & Eggs","level1":"Cheese","level2":"Everyday Cheese Blocks"},{"level0":"Featured","level1":"Pams","level2":"Cheese"}],"cateredFlag":false,"algoliaAnalytics":{"searchQueryID":"bc9af2b9f4b2f1eee6c6fea255e9e412","searchPosition":145},"boughtBefore":false},{"productId":"5003055-EA-000","brand":"Big Black Sacks","name":"Low Cost Rubbish Bags 60L","displayName":"5pk","availability":["IN_STORE","ONLINE"],"saleType":"UNITS","restrictedFlag":false,"liquorFlag":false,"tobaccoFlag":false,"originRegulated":false,"singlePrice":{"price":99,"comparativePrice":{"pricePerUnit":20,"unitQuantity":1,"unitQuantityUom":"ea","measureDescription":"ea"}},"categoryTrees":[{"level0":"Household & Cleaning","level1":"Food Wrap, Storage & Bags","level2":"Rubbish Bags & Bin Liners"}],"cateredFlag":false,"algoliaAnalytics":{"searchQueryID":"bc9af2b9f4b2f1eee6c6fea255e9e412","searchPosition":146},"boughtBefore":false},{"productId":"5013204-EA-000","brand":"Vogel's","name":"Original Mixed Grain Very Thin Bread","displayName":"750g","availability":["IN_STORE","ONLINE"],"saleType":"UNITS","restrictedFlag":false,"liquorFlag":false,"tobaccoFlag":false,"originRegulated":false,"singlePrice":{"price":429,"comparativePrice":{"pricePerUnit":57,"unitQuantity":100,"unitQuantityUom":"g","measureDescription":"100g"}},"facets":[{"itemCode":"00020012","itemDescription":"Non-GMO"}],"categoryTrees":[{"level0":"Bakery","level1":"Sliced & Packaged Bread","level2":"Wholemeal, Grain & Seeded Bread"}],"cateredFlag":false,"algoliaAnalytics":{"searchQueryID":"bc9af2b9f4b2f1eee6c6fea255e9e412","searchPosition":147},"boughtBefore":false},{"productId":"5001949-EA-000","brand":"Wattie's","name":"Baked Beans In Tomato Sauce","displayName":"420g","availability":["IN_STORE","ONLINE"],"saleType":"UNITS","restrictedFlag":false,"liquorFlag":false,"tobaccoFlag":false,"originRegulated":false,"singlePrice":{"price":219,"comparativePrice":{"pricePerUnit":52,"unitQuantity":100,"unitQuantityUom":"g","measureDescription":"100g"}},"facets":[{"itemCode":"00020012","itemDescription":"Non-GMO"},{"itemCode":"00020009","itemDescription":"Low Fat"}],"categoryTrees":[{"level0":"Pantry","level1":"Canned Foods & Packets","level2":"Baked Beans & Spaghetti"}],"cateredFlag":false,"algoliaAnalytics":{"searchQueryID":"bc9af2b9f4b2f1eee6c6fea255e9e412","searchPosition":148},"boughtBefore":false},{"productId":"5294818-EA-000","brand":"Pams","name":"2Ply Facial Tissues","displayName":"180pk","availability":["IN_STORE","ONLINE"],"saleType":"UNITS","restrictedFlag":false,"liquorFlag":false,"tobaccoFlag":false,"originRegulated":false,"singlePrice":{"price":239,"comparativePrice":{"pricePerUnit":133,"unitQuantity":100,"unitQuantityUom":" ","measureDescription":"100"}},"facets":[{"itemCode":"00020007","itemDescription":"Dairy Free"},{"itemCode":"00020012","itemDescription":"Non-GMO"}],"categoryTrees":[{"level0":"Health & Body","level1":"Tissues & Cotton Wool","level2":"Tissues"},{"level0":"Household & Cleaning","level1":"Toilet Paper, Tissues & Paper Towels","level2":"Tissues"},{"level0":"Featured","level1":"Pams","level2":"Household"}],"cateredFlag":false,"algoliaAnalytics":{"searchQueryID":"bc9af2b9f4b2f1eee6c6fea255e9e412","searchPosition":149},"boughtBefore":false},{"productId":"5100697-KGM-000","name":"NZ Pork Loin Chops","displayName":"kg","availability":["IN_STORE","ONLINE"],"saleType":"WEIGHT","restrictedFlag":false,"liquorFlag":false,"tobaccoFlag":false,"originRegulated":true,"originStatement":"Product of New Zealand","variableWeight":{"minOrderQuantity":100,"stepSize":100,"stepUnitOfMeasure":"g"},"singlePrice":{"price":1399,"promoId":"130056355","comparativePrice":{"pricePerUnit":1399,"unitQuantity":1,"unitQuantityUom":"kg","measureDescription":"1kg"}},"promotions":[{"promoId":"130056355","rewardValue":1399,"decal":"6000","sapType":"BASE","rewardType":"NEW_PRICE","threshold":1,"limit":0,"multiProducts":false,"cardDependencyFlag":false,"bestPromotion":true,"comparativePrice":{"pricePerUnit":1399,"unitQuantity":1,"unitQuantityUom":"kg","measureDescription":"1kg"}}],"categoryTrees":[{"level0":"Meat, Poultry & Seafood","level1":"Pork & Ham","level2":"Pork Cutlets & Chops"}],"cateredFlag":false,"algoliaAnalytics":{"searchQueryID":"bc9af2b9f4b2f1eee6c6fea255e9e412","searchPosition":150},"boughtBefore":false}],"algoliaSearchResult":{"facets":{"brand":{"Pams":809,"Wattie's":155,"Mrs Rogers":111,"Colgate":90,"Anchor":81,"Korbond":81,"Healtheries":80,"Tip Top":72,"Hellers":64,"VitaPet":63,"Gregg's":60,"Value":60,"Ceres Organics":56,"Continental":52,"Dettol":52,"Tasti":52,"Mainland":51,"Griffin's":50,"Maggi":50,"Pams Value":50,"Nivea":49,"Red Seal":49,"Dove":48,"Barker's":47,"Meadow Fresh":47,"Musashi":46,"Huggies":44,"Nestle":43,"Nescafe":41,"Palmolive":40,"McCain":39,"Bic":38,"Masterfoods":37,"Mother Earth":36,"Cadbury":35,"Delmaine":34,"Kellogg's":34,"Heinz":33,"Sealord":33,"Graze":31,"Lewis Road Creamery":31,"Sistema":31,"Whittaker's":31,"Chux":30,"Edmonds":30,"Jed's Coffee Co.":30,"The Collective":30,"Pams Finest":29,"Avalanche":28,"Bundaberg":28,"Energizer":28,"Whiskas":28,"Big Black Sacks":27,"Bluebird":27,"Glow Lab":27,"Kapiti":27,"Palmolive Naturals":27,"Arnott's":26,"Diamond":26,"Fresh To Go":26,"Hubbards":26,"Lindt":26,"Schweppes":26,"Farrah's":25,"Moccona":25,"Old El Paso":25,"Persil":25,"Philips":25,"Best":24,"Chef":24,"Fresh 'n Fruity":24,"Schick":24,"Tegel":24,"Eta":23,"Purina Fancy Feast":23,"Surv":23,"Dairyworks":22,"Dine":22,"Ecostore":22,"Harpic":22,"North Head":22,"San Remo":22,"Head & Shoulders":21,"John West":21,"Lee Kum Kee":21,"Rascals":21,"V":21,"Verkerks":21,"Chelsea":20,"Jacob's Creek":20,"Leggo's":20,"Only Organic":20,"Sanitarium Up & Go":20,"U By Kotex":20,"Campbell's":19,"Eveready":19,"Magnum":19,"Nivea Men":19,"Poise":19,"Schwarzkopf Extra Care":19},"tobacco":{"false":9994},"category1NI":{"Chips, Nuts & Snacks":445,"Canned Foods & Packets":347,"Pams":344,"Biscuits & Crackers":304,"Back to School":290,"Chocolate, Sweets & Chewing Gum":288,"Cooking Sauces, Stocks & Marinades":274,"Hair Care":265,"Stationery & Entertainment":257,"Cheese":238,"Lunchbox Snacks":235,"Spices, Seasoning & Coatings":234,"Baking Supplies & Sugar":231,"Coffee":226,"Table Sauces, Dressings & Condiments":225,"Pasta, Rice & Noodles":224,"Cat":213,"Ice Cream & Sorbet":204,"Yoghurt":202,"Cleaning & Accessories":199,"Easy Meals & Meal Kits":176,"Deli Meats & Smoked Fish":169,"Homewares":165,"Food Wrap, Storage & Bags":163,"Dental & Oral Care":159,"Bath, Shower & Soap":157,"Red Wine":156,"Dog":151,"Soft Drinks & Mixers":148,"Breakfast Cereals":146,"Skin Care & Sun Care":143,"Deli Meats":137,"Laundry":134,"White Wine":130,"Medical & First Aid":125,"$5 Week 1":117,"Juice & Smoothies":111,"Period & Continence Care":111,"World Foods":111,"Vegetables":107,"Dips, Hummus & Antipasti":103,"Vitamins & Supplements":101,"Milk":98,"Deodorant & Body Sprays":97,"Ready to Eat":95,"Batteries & Electrical":93,"Jams, Honey & Spreads":93,"Beer":92,"Tea":91,"Sports & Energy Drinks":90,"Bulk Foods":86,"Desserts":86,"Nappies & Changing":83,"Chilled Soups & Ready Meals":80,"Frozen Chicken & Meat":76,"Garage & Outdoor":76,"Baby & Toddler Food":74,"Sliced & Packaged Bread":72,"Kitchen Cleaners":71,"Cakes, Muffins & Desserts":67,"Hot Chocolate & Milk Drinks":67,"Shaving & Hair Removal":65,"Frozen Fish & Seafood":64,"Bathroom & Toilet Cleaners":61,"Fresh Salad & Herbs":61,"Sports Nutrition & Weight Management":60,"Frozen Vegetables":57,"In-Store Bakery":57,"Oil & Vinegar":56,"Frozen Dumplings, Pies & Snacks":53,"Dishwashing":52,"Frozen Pizza & Ready Meals":52,"Wraps, Pita & Flat Bread":50,"Butter & Margarine":48,"Frozen Fruit & Desserts":46,"Pest & Insect Control":46,"Syrups, Cordials & Powdered Drinks":46,"Long Life & Dairy Free Milk":45,"Chilled Pasta, Pizza & Garlic Bread":43,"Baby & Toddler Toiletries":41,"Toilet Paper, Tissues & Paper Towels":40,"Mince, Sausages & Meatballs":39,"Rose Wine":39,"Seafood":39,"Champagne & Sparkling Wine":38,"Baby Formula":37,"Frozen Chips & Hash Browns":36,"Fruit":36,"Bagels, Crumpets & Pancakes":35,"Cream, Custard & Desserts":34,"Craft Beer":31,"Water":31,"Chicken & Poultry":30,"Kombucha & Functional Drinks":29,"Clothing & Accessories":28,"Nursing & Feeding":28,"Alcohol Free Drinks":27,"Burger Buns, Rolls & Garlic Bread":26,"Cider":24,"Frozen Pastry & Bread":23},"onPromotion":{"61dd754e-8525-4b9e-9e08-173389eea8a8":2714,"c3f9e1a3-fc34-452d-af2e-95349e666ba4":2702,"715f0e22-95e0-45ce-af3a-07057209976e":2698,"4a279605-eaa8-470d-bcd4-0a9e3c9ab43b":2685,"5cf0392f-c187-4fc4-a463-eb269d2e8f45":2660,"90082979-fb9f-4305-9c72-83274fc438cc":2656,"b29a98bd-749c-489c-9eef-6aa38e66a29b":2631,"2ed73be8-936d-4f35-9398-75a707f40a7b":2560,"dbca5e00-f7f9-43ae-91de-031ad16f8a92":2548,"be4c4780-218e-425a-a90f-63e21773572b":2538,"8cd700ae-d96f-4761-bd7a-805d6b93536d":2460,"d8032da3-c1b9-456e-b626-41ce21f8c67b":2401,"3c5e3145-0767-4066-9349-6c0a1313acc5":2383,"bdc5ef4a-c6a7-4f8a-b8cb-28109e6d61c3":2266,"2a1b331a-fc4a-496a-b072-e97cc8f70cae":2066,"d6d39eea-889d-4e20-923c-55cab225cf7f":2060,"c2204dae-579e-4b6b-9d42-2e13ceaa6031":2057,"65defcf2-bc15-490e-a84f-1f13b769cd22":2047,"8f0d70be-5cb7-464b-99cb-8b0130671895":2024,"b92cc33f-b5a8-4b57-9b82-412946800020":1977,"3404c253-577f-45ca-b301-c98312e46efb":1965,"c0f80e87-16be-4488-9553-da437e8c6c2a":1954,"6e6809dd-01bc-45c9-aab1-f01ccd8338b0":1952,"3bfe040b-f0c9-45e0-949b-b9ad5a591d55":1940,"92086ded-a55d-4241-a364-7d7ea91531b4":1937,"48dd98cc-a757-4102-b15d-ea82b4b10571":1931,"49037947-e450-49bf-ba1f-a94551c79a72":1915,"21ecaaed-0749-4492-985e-4bb7ba43d59c":1903,"3bb30799-82ce-4648-8c02-5113228963ed":1895,"01a114de-149c-4f5f-80a1-90cc63f69c6e":1886,"c180a72d-5dbe-4403-b7c7-91655e505492":1877,"714431ab-6e39-4df6-ac77-cfc5c1e25bc8":1864,"e1925ea7-01bc-4358-ae7c-c6502da5ab12":1860,"64eab5b1-8d79-45f4-94f1-02b8cf8b6202":1857,"1c388d5e-29ac-4956-b476-cb3431353d2e":1852,"5f167936-79ae-4f6a-b9d2-74afe1bb096b":1845,"d1cd1fdd-8767-46a6-a8d3-c3e0632c2dc8":1845,"b2e98a14-c8ca-401e-99ed-edf74570c6f6":1838,"af385423-d0f1-41f0-9482-ffd10b745143":1829,"6cda96e1-7d29-44a6-956b-3fcfdecc8184":1820,"529d66cc-60e3-432e-b8d1-efc9f2ec4919":1815,"4fcc1c8e-cc5e-4675-ba25-5e56b579cf69":1800,"7d48a781-4f68-4c91-a908-8659e1b22f95":1773,"53989945-1a28-481d-a61c-d6f75f760ada":1767,"60561e46-ece7-43a7-b142-9b14812586e4":1765,"9cd8eb60-3222-4efc-bd7c-50e03e6a81a4":1761,"33d8d6fc-861a-45ff-9937-5ccdb55eaede":1756,"15e6f441-5c1c-4d25-b4ec-1adf918c49c7":1746,"98ec3885-ac93-4fcb-807b-59c9055c52c4":1730,"94ef1985-cab1-4b39-a2f3-230120f03c16":1727,"a7d09522-bee2-41e4-8fe0-0b82b7f342f5":1712,"6c73764e-b8e6-4e55-ad37-f6a9d207da1f":1700,"b83029b6-5dd5-449e-8056-26f3943a4e18":1699,"50b1216b-d066-4457-b88b-9bccf97bf6d3":1684,"3e82142c-78dc-46f3-82ec-28e65fcf84c9":1614,"b39562a4-2b72-43fe-b9ba-eda1d651ad0b":1577,"076e8177-943b-41fc-a885-ba3d28297acf":1534},"productFacets":{"Non-GMO":4194,"Gluten Free":1186,"Dairy Free":518,"Vegetarian":461,"Low Fat":431,"Vegan":397,"Low Sugar":355,"Organic":260,"Halal":229,"Free Range":100,"Cage Free":47,"Keto":27,"Low Salt":24,"Healthy Heart Tick":1}}},"algoliaFacetQueriesResults":[],"totalHits":1000,"page":2,"totalPages":20,"hitsPerPage":50},
{"tobaccoProducts":true,"products":[{"productId":"5100208-KGM-000","name":"Chicken Nibbles","displayName":"kg","availability":["IN_STORE","ONLINE"],"saleType":"WEIGHT","restrictedFlag":false,"liquorFlag":false,"tobaccoFlag":false,"originRegulated":true,"originStatement":"Product of New Zealand","variableWeight":{"unitOfMeasure":"g","averageWeight":55,"minOrderQuantity":400,"stepSize":100,"stepUnitOfMeasure":"g"},"singlePrice":{"price":999,"comparativePrice":{"pricePerUnit":999,"unitQuantity":1,"unitQuantityUom":"kg","measureDescription":"1kg"}},"categoryTrees":[{"level0":"Meat, Poultry & Seafood","level1":"Chicken & Poultry","level2":"Chicken Drumsticks & Nibbles"}],"cateredFlag":false,"algoliaAnalytics":{"searchQueryID":"92000cb18359a050969d50c165ddd602","searchPosition":51},"boughtBefore":false},{"productId":"5010716-EA-000","brand":"Bluebird","name":"Originals Chicken Potato Chips","displayName":"150g","availability":["IN_STORE","ONLINE"],"saleType":"UNITS","restrictedFlag":false,"liquorFlag":false,"tobaccoFlag":false,"originRegulated":false,"singlePrice":{"price":219,"comparativePrice":{"pricePerUnit":146,"unitQuantity":100,"unitQuantityUom":"g","measureDescription":"100g"}},"facets":[{"itemCode":"00020012","itemDescription":"Non-GMO"}],"categoryTrees":[{"level0":"Snacks, Treats & Easy Meals","level1":"Chips, Nuts & Snacks","level2":"Chips"},{"level0":"Pantry","level1":"Chips, Nuts & Snacks","level2":"Chips"}],"cateredFlag":false,"algoliaAnalytics":{"searchQueryID":"92000cb18359a050969d50c165ddd602","searchPosition":52},"boughtBefore":false},{"productId":"5039972-EA-000","name":"Eggplant (Aubergine)","displayName":"ea","availability":["IN_STORE","ONLINE"],"saleType":"UNITS","restrictedFlag":false,"liquorFlag":false,"tobaccoFlag":false,"originRegulated":true,"originStatement":"Product of New Zealand","singlePrice":{"price":449},"categoryTrees":[{"level0":"Fruit & Vegetables","level1":"Vegetables","level2":"Courgettes & Eggplant"}],"cateredFlag":false,"algoliaAnalytics":{"searchQueryID":"92000cb18359a050969d50c165ddd602","searchPosition":53},"boughtBefore":false},{"productId":"5268694-EA-000","brand":"Pams","name":"Edam Cheese","displayName":"1kg","availability":["IN_STORE","ONLINE"],"saleType":"UNITS","restrictedFlag":false,"liquorFlag":false,"tobaccoFlag":false,"originRegulated":false,"singlePrice":{"price":1259,"comparativePrice":{"pricePerUnit":126,"unitQuantity":100,"unitQuantityUom":"g","measureDescription":"100g"}},"facets":[{"itemCode":"00020014","itemDescription":"Vegetarian"},{"itemCode":"00020012","itemDescription":"Non-GMO"}],"categoryTrees":[{"level0":"Fridge, Deli & Eggs","level1":"Cheese","level2":"Everyday Cheese Blocks"},{"level0":"Featured","level1":"Pams","level2":"Cheese"}],"cateredFlag":false,"algoliaAnalytics":{"searchQueryID":"92000cb18359a050969d50c165ddd602","searchPosition":54},"boughtBefore":false},{"productId":"5023801-EA-000","brand":"Tip Top","name":"Supersoft White Super Thick Bread","displayName":"700g","availability":["IN_STORE","ONLINE"],"saleType":"UNITS","restrictedFlag":false,"liquorFlag":false,"tobaccoFlag":false,"originRegulated":false,"singlePrice":{"price":389,"comparativePrice":{"pricePerUnit":56,"unitQuantity":100,"unitQuantityUom":"g","measureDescription":"100g"}},"facets":[{"itemCode":"00020012","itemDescription":"Non-GMO"}],"categoryTrees":[{"level0":"Bakery","level1":"Sliced & Packaged Bread","level2":"White Bread"}],"cateredFlag":false,"algoliaAnalytics":{"searchQueryID":"92000cb18359a050969d50c165ddd602","searchPosition":55},"boughtBefore":false},{"productId":"5118844-KGM-000","name":"NZ Chicken Thighs Bone In","displayName":"kg","availability":["IN_STORE","ONLINE"],"saleType":"WEIGHT","restrictedFlag":false,"liquorFlag":false,"tobaccoFlag":false,"originRegulated":true,"originStatement":"Product of New Zealand","variableWeight":{"unitOfMeasure":"g","averageWeight":300,"minOrderQuantity":300,"stepSize":150,"stepUnitOfMeasure":"g"},"singlePrice":{"price":599,"promoId":"130054791","comparativePrice":{"pricePerUnit":599,"unitQuantity":1,"unitQuantityUom":"kg","measureDescription":"1kg"}},"promotions":[{"promoId":"130054791","rewardValue":599,"decal":"6000","sapType":"BASE","rewardType":"NEW_PRICE","threshold":1,"limit":0,"multiProducts":false,"cardDependencyFlag":false,"bestPromotion":true,"comparativePrice":{"pricePerUnit":599,"unitQuantity":1,"unitQuantityUom":"kg","measureDescription":"1kg"}}],"categoryTrees":[{"level0":"Meat, Poultry & Seafood","level1":"Chicken & Poultry","level2":"Chicken Breast, Thighs & Tenders"}],"cateredFlag":false,"algoliaAnalytics":{"searchQueryID":"92000cb18359a050969d50c165ddd602","searchPosition":56},"boughtBefore":false},{"productId":"5004752-EA-000","brand":"Pams","name":"Standard UHT Milk","displayName":"1l","availability":["IN_STORE","ONLINE"],"saleType":"UNITS","restrictedFlag":false,"liquorFlag":false,"tobaccoFlag":false,"originRegulated":false,"singlePrice":{"price":209,"comparativePrice":{"pricePerUnit":209,"unitQuantity":1,"unitQuantityUom":"L","measureDescription":"1L"}},"facets":[{"itemCode":"00020002","itemDescription":"Halal"},{"itemCode":"00020012","itemDescription":"Non-GMO"}],"categoryTrees":[{"level0":"Fridge, Deli & Eggs","level1":"Milk","level2":"UHT Milk & Milk Powder"},{"level0":"Pantry","level1":"Long Life & Dairy Free Milk","level2":"UHT Milk & Milk Powder"},{"level0":"Featured","level1":"Pams","level2":"Dairy & Eggs"}],"cateredFlag":false,"algoliaAnalytics":{"searchQueryID":"92000cb18359a050969d50c165ddd602","searchPosition":57},"boughtBefore":false},{"productId":"5010720-EA-000","brand":"Bluebird","name":"Originals Sour Cream & Chives Potato Chips","displayName":"150g","availability":["IN_STORE","ONLINE"],"saleType":"UNITS","restrictedFlag":false,"liquorFlag":false,"tobaccoFlag":false,"originRegulated":false,"singlePrice":{"price":219,"comparativePrice":{"pricePerUnit":146,"unitQuantity":100,"unitQuantityUom":"g","measureDescription":"100g"}},"facets":[{"itemCode":"00020012","itemDescription":"Non-GMO"},{"itemCode":"00020004","itemDescription":"Gluten Free"},{"itemCode":"00020014","itemDescription":"Vegetarian"}],"categoryTrees":[{"level0":"Snacks, Treats & Easy Meals","level1":"Chips, Nuts & Snacks","level2":"Chips"},{"level0":"Pantry","level1":"Chips, Nuts & Snacks","level2":"Chips"}],"cateredFlag":false,"algoliaAnalytics":{"searchQueryID":"92000cb18359a050969d50c165ddd602","searchPosition":58},"boughtBefore":false},{"productId":"5025749-EA-000","brand":"Freya's","name":"Tuscan Mixed Grain Bread","displayName":"750g","availability":["IN_STORE","ONLINE"],"saleType":"UNITS","restrictedFlag":false,"liquorFlag":false,"tobaccoFlag":false,"originRegulated":false,"singlePrice":{"price":359,"comparativePrice":{"pricePerUnit":48,"unitQuantity":100,"unitQuantityUom":"g","measureDescription":"100g"}},"facets":[{"itemCode":"00020012","itemDescription":"Non-GMO"}],"categoryTrees":[{"level0":"Bakery","level1":"Sliced & Packaged Bread","level2":"Wholemeal, Grain & Seeded Bread"}],"cateredFlag":false,"algoliaAnalytics":{"searchQueryID":"92000cb18359a050969d50c165ddd602","searchPosition":59},"boughtBefore":false},{"productId":"5211107-EA-000","brand":"Pams","name":"3 Ply White Long Roll Toilet Tissues","displayName":"8 x 270 sheets","availability":["IN_STORE","ONLINE"],"saleType":"UNITS","restrictedFlag":false,"liquorFlag":false,"tobaccoFlag":false,"originRegulated":false,"singlePrice":{"price":629,"comparativePrice":{"pricePerUnit":29,"unitQuantity":100,"unitQuantityUom":"sheets","measureDescription":"100 sheets"}},"facets":[{"itemCode":"00020012","itemDescription":"Non-GMO"}],"categoryTrees":[{"level0":"Household & Cleaning","level1":"Toilet Paper, Tissues & Paper Towels","level2":"Toilet Paper"},{"level0":"Featured","level1":"Pams","level2":"Household"}],"cateredFlag":false,"algoliaAnalytics":{"searchQueryID":"92000cb18359a050969d50c165ddd602","searchPosition":60},"boughtBefore":false},{"productId":"5268695-EA-000","brand":"Pams","name":"Colby Cheese","displayName":"1kg","availability":["IN_STORE","ONLINE"],"saleType":"UNITS","restrictedFlag":false,"liquorFlag":false,"tobaccoFlag":false,"originRegulated":false,"singlePrice":{"price":1259,"comparativePrice":{"pricePerUnit":126,"unitQuantity":100,"unitQuantityUom":"g","measureDescription":"100g"}},"facets":[{"itemCode":"00020014","itemDescription":"Vegetarian"},{"itemCode":"00020012","itemDescription":"Non-GMO"}],"categoryTrees":[{"level0":"Fridge, Deli & Eggs","level1":"Cheese","level2":"Everyday Cheese Blocks"},{"level0":"Featured","level1":"Pams","level2":"Cheese"}],"cateredFlag":false,"algoliaAnalytics":{"searchQueryID":"92000cb18359a050969d50c165ddd602","searchPosition":61},"boughtBefore":false},{"productId":"5039976-KGM-000","name":"Green Kiwifruit","displayName":"kg","availability":["IN_STORE","ONLINE"],"saleType":"BOTH","restrictedFlag":false,"liquorFlag":false,"tobaccoFlag":false,"originRegulated":true,"originStatement":"Product of Italy","variableWeight":{"unitOfMeasure":"g","averageWeight":120,"minOrderQuantity":100,"stepSize":100,"stepUnitOfMeasure":"g"},"singlePrice":{"price":1149,"comparativePrice":{"pricePerUnit":1149,"unitQuantity":1,"unitQuantityUom":"kg","measureDescription":"1kg"}},"categoryTrees":[{"level0":"Fruit & Vegetables","level1":"Fruit","level2":"Kiwifruit & Feijoa"}],"cateredFlag":false,"algoliaAnalytics":{"searchQueryID":"92000cb18359a050969d50c165ddd602","searchPosition":62},"boughtBefore":false},{"productId":"5016750-EA-000","brand":"Anchor","name":"Blue Milk","displayName":"3l","availability":["IN_STORE","ONLINE"],"saleType":"UNITS","restrictedFlag":false,"liquorFlag":false,"tobaccoFlag":false,"originRegulated":false,"singlePrice":{"price":808,"comparativePrice":{"pricePerUnit":269,"unitQuantity":1,"unitQuantityUom":"L","measureDescription":"1L"}},"facets":[{"itemCode":"00020012","itemDescription":"Non-GMO"}],"categoryTrees":[{"level0":"Fridge, Deli & Eggs","level1":"Milk","level2":"Fresh Milk"}],"cateredFlag":false,"algoliaAnalytics":{"searchQueryID":"92000cb18359a050969d50c165ddd602","searchPosition":63},"boughtBefore":false},{"productId":"5046440-EA-000","name":"Fresh Cut Lettuce","displayName":"ea","availability":["IN_STORE","ONLINE"],"saleType":"UNITS","restrictedFlag":false,"liquorFlag":false,"tobaccoFlag":false,"originRegulated":true,"originStatement":"Product of New Zealand","singlePrice":{"price":249},"categoryTrees":[{"level0":"Fruit & Vegetables","level1":"Vegetables","level2":"Lettuce, Spinach & Salad Greens"},{"level0":"Fruit & Vegetables","level1":"Fresh Salad & Herbs","level2":"Lettuce, Spinach & Salad Greens"}],"cateredFlag":false,"algoliaAnalytics":{"searchQueryID":"92000cb18359a050969d50c165ddd602","searchPosition":64},"boughtBefore":false},{"productId":"5039960-EA-000","name":"Green Cabbage","displayName":"ea","availability":["IN_STORE","ONLINE"],"saleType":"UNITS","restrictedFlag":false,"liquorFlag":false,"tobaccoFlag":false,"originRegulated":true,"originStatement":"Product of New Zealand","singlePrice":{"price":469},"categoryTrees":[{"level0":"Fruit & Vegetables","level1":"Vegetables","level2":"Broccoli, Cabbage & Cauliflower"}],"cateredFlag":false,"algoliaAnalytics":{"searchQueryID":"92000cb18359a050969d50c165ddd602","searchPosition":65},"boughtBefore":false},{"productId":"5039996-EA-000","name":"Mango","displayName":"ea","availability":["IN_STORE","ONLINE"],"saleType":"UNITS","restrictedFlag":false,"liquorFlag":false,"tobaccoFlag":false,"originRegulated":true,"originStatement":"Product of Peru","singlePrice":{"price":289,"promoId":"130059626"},"promotions":[{"promoId":"130056923","rewardValue":500,"decal":"6000","sapType":"LAYERED","rewardType":"NEW_PRICE","threshold":2,"multiProducts":false,"cardDependencyFlag":false,"bestPromotion":true,"comparativePrice":{"pricePerUnit":250,"unitQuantity":1,"unitQuantityUom":"ea","measureDescription":"ea"}}],"categoryTrees":[{"level0":"Fruit & Vegetables","level1":"Fruit","level2":"Peaches, Nectarines & Stone Fruit"}],"cateredFlag":false,"algoliaAnalytics":{"searchQueryID":"92000cb18359a050969d50c165ddd602","searchPosition":66},"boughtBefore":false},{"productId":"5103401-KGM-000","name":"Beef Rump Steak","displayName":"kg","availability":["IN_STORE","ONLINE"],"saleType":"WEIGHT","restrictedFlag":false,"liquorFlag":false,"tobaccoFlag":false,"originRegulated":true,"originStatement":"Product of New Zealand","marketingInitiatives":[{"initiativeCode":"AOV"}],"variableWeight":{"minOrderQuantity":300,"stepSize":100,"stepUnitOfMeasure":"g"},"singlePrice":{"price":2199,"promoId":"130007691","comparativePrice":{"pricePerUnit":2199,"unitQuantity":1,"unitQuantityUom":"kg","measureDescription":"1kg"}},"promotions":[{"promoId":"130007691","rewardValue":2199,"decal":"6000","sapType":"BASE","rewardType":"NEW_PRICE","threshold":1,"limit":0,"multiProducts":false,"cardDependencyFlag":false,"bestPromotion":true,"comparativePrice":{"pricePerUnit":2199,"unitQuantity":1,"unitQuantityUom":"kg","measureDescription":"1kg"}}],"categoryTrees":[{"level0":"Meat, Poultry & Seafood","level1":"Beef","level2":"Beef Steaks & Schnitzel"}],"cateredFlag":false,"algoliaAnalytics":{"searchQueryID":"92000cb18359a050969d50c165ddd602","searchPosition":67},"boughtBefore":false},{"productId":"5013059-EA-000","brand":"Sunny Crust","name":"Wholemeal Toast Bread","displayName":"600g","availability":["IN_STORE","ONLINE"],"saleType":"UNITS","restrictedFlag":false,"liquorFlag":false,"tobaccoFlag":false,"originRegulated":false,"singlePrice":{"price":259,"comparativePrice":{"pricePerUnit":43,"unitQuantity":100,"unitQuantityUom":"g","measureDescription":"100g"}},"facets":[{"itemCode":"00020012","itemDescription":"Non-GMO"}],"categoryTrees":[{"level0":"Bakery","level1":"Sliced & Packaged Bread","level2":"Wholemeal, Grain & Seeded Bread"}],"cateredFlag":false,"algoliaAnalytics":{"searchQueryID":"92000cb18359a050969d50c165ddd602","searchPosition":68},"boughtBefore":false},{"productId":"5039985-EA-000","name":"Leeks","displayName":"ea","availability":["IN_STORE","ONLINE"],"saleType":"UNITS","restrictedFlag":false,"liquorFlag":false,"tobaccoFlag":false,"originRegulated":true,"originStatement":"Product of New Zealand","singlePrice":{"price":249},"categoryTrees":[{"level0":"Fruit & Vegetables","level1":"Vegetables","level2":"Onions, Leeks & Shallots"}],"cateredFlag":false,"algoliaAnalytics":{"searchQueryID":"92000cb18359a050969d50c165ddd602","searchPosition":69},"boughtBefore":false},{"productId":"5011576-EA-000","brand":"Beehive","name":"Shoulder Bacon","displayName":"200g","availability":["IN_STORE","ONLINE"],"saleType":"UNITS","restrictedFlag":false,"liquorFlag":false,"tobaccoFlag":false,"originRegulated":true,"originStatement":"Made in New Zealand using pork from pigs raised in one or more of the countries: Australia, Belgium, Denmark, Finland, France, Germany, Ireland, Netherlands, Poland, UK, Spain, Sweden.","singlePrice":{"price":279,"comparativePrice":{"pricePerUnit":1395,"unitQuantity":1,"unitQuantityUom":"kg","measureDescription":"1kg"}},"facets":[{"itemCode":"00020004","itemDescription":"Gluten Free"}],"categoryTrees":[{"level0":"Fridge, Deli & Eggs","level1":"Deli Meats & Smoked Fish","level2":"Bacon"},{"level0":"Meat, Poultry & Seafood","level1":"Deli Meats","level2":"Bacon"}],"cateredFlag":false,"algoliaAnalytics":{"searchQueryID":"92000cb18359a050969d50c165ddd602","searchPosition":70},"boughtBefore":false},{"productId":"5013532-EA-000","brand":"Kiwisoft","name":"White 2 Ply Toilet Tissue","displayName":"18 x 180 sheets","availability":["IN_STORE","ONLINE"],"saleType":"UNITS","restrictedFlag":false,"liquorFlag":false,"tobaccoFlag":false,"originRegulated":false,"singlePrice":{"price":549,"comparativePrice":{"pricePerUnit":17,"unitQuantity":100,"unitQuantityUom":"sheets","measureDescription":"100 sheets"}},"facets":[{"itemCode":"00020012","itemDescription":"Non-GMO"}],"categoryTrees":[{"level0":"Household & Cleaning","level1":"Toilet Paper, Tissues & Paper Towels","level2":"Toilet Paper"}],"cateredFlag":false,"algoliaAnalytics":{"searchQueryID":"92000cb18359a050969d50c165ddd602","searchPosition":71},"boughtBefore":false},{"productId":"5019669-EA-000","brand":"Sorbent","name":"Silky White Long Roll 3 Ply Toilet Rolls","displayName":"8 x 270 sheets","availability":["IN_STORE","ONLINE"],"saleType":"UNITS","restrictedFlag":false,"liquorFlag":false,"tobaccoFlag":false,"originRegulated":false,"singlePrice":{"price":829,"comparativePrice":{"pricePerUnit":38,"unitQuantity":100,"unitQuantityUom":"sheets","measureDescription":"100 sheets"}},"categoryTrees":[{"level0":"Household & Cleaning","level1":"Toilet Paper, Tissues & Paper Towels","level2":"Toilet Paper"}],"cateredFlag":false,"algoliaAnalytics":{"searchQueryID":"92000cb18359a050969d50c165ddd602","searchPosition":72},"boughtBefore":false},{"productId":"5010719-EA-000","brand":"Bluebird","name":"Originals Salt & Vinegar Potato Chips","displayName":"150g","availability":["IN_STORE","ONLINE"],"saleType":"UNITS","restrictedFlag":false,"liquorFlag":false,"tobaccoFlag":false,"originRegulated":false,"singlePrice":{"price":219,"comparativePrice":{"pricePerUnit":146,"unitQuantity":100,"unitQuantityUom":"g","measureDescription":"100g"}},"facets":[{"itemCode":"00020014","itemDescription":"Vegetarian"},{"itemCode":"00020012","itemDescription":"Non-GMO"},{"itemCode":"00020004","itemDescription":"Gluten Free"}],"categoryTrees":[{"level0":"Snacks, Treats & Easy Meals","level1":"Chips, Nuts & Snacks","level2":"Chips"},{"level0":"Pantry","level1":"Chips, Nuts & Snacks","level2":"Chips"}],"cateredFlag":false,"algoliaAnalytics":{"searchQueryID":"92000cb18359a050969d50c165ddd602","searchPosition":73},"boughtBefore":false},{"productId":"5088910-EA-000","brand":"Oreo","name":"Original Cookies","displayName":"128g","availability":["IN_STORE","ONLINE"],"saleType":"UNITS","restrictedFlag":false,"liquorFlag":false,"tobaccoFlag":false,"originRegulated":false,"marketingInitiatives":[{"initiativeCode":"AOV"}],"singlePrice":{"price":189,"comparativePrice":{"pricePerUnit":148,"unitQuantity":100,"unitQuantityUom":"g","measureDescription":"100g"}},"promotions":[{"promoId":"129972415","rewardValue":500,"decal":"6000","sapType":"LAYERED","rewardType":"NEW_PRICE","threshold":5,"multiProducts":true,"cardDependencyFlag":false,"bestPromotion":true,"comparativePrice":{"pricePerUnit":78,"unitQuantity":100,"unitQuantityUom":"g","measureDescription":"100g"}}],"facets":[{"itemCode":"00020012","itemDescription":"Non-GMO"}],"categoryTrees":[{"level0":"Pantry","level1":"Biscuits & Crackers","level2":"Crme, Jam & Iced Biscuits"}],"cateredFlag":false,"algoliaAnalytics":{"searchQueryID":"92000cb18359a050969d50c165ddd602","searchPosition":74},"boughtBefore":false},{"productId":"5264168-EA-000","brand":"Value","name":"Brown Onions","displayName":"2kg","availability":["IN_STORE","ONLINE"],"saleType":"UNITS","restrictedFlag":false,"liquorFlag":false,"tobaccoFlag":false,"originRegulated":true,"originStatement":"Product of New Zealand","singlePrice":{"price":549,"comparativePrice":{"pricePerUnit":275,"unitQuantity":1,"unitQuantityUom":"kg","measureDescription":"1kg"}},"facets":[{"itemCode":"00020012","itemDescription":"Non-GMO"},{"itemCode":"00020007","itemDescription":"Dairy Free"}],"categoryTrees":[{"level0":"Fruit & Vegetables","level1":"Vegetables","level2":"Onions, Leeks & Shallots"}],"cateredFlag":false,"algoliaAnalytics":{"searchQueryID":"92000cb18359a050969d50c165ddd602","searchPosition":75},"boughtBefore":false},{"productId":"5046547-EA-000","name":"Red Watermelon","displayName":"ea","availability":["IN_STORE","ONLINE"],"saleType":"UNITS","restrictedFlag":false,"liquorFlag":false,"tobaccoFlag":false,"originRegulated":true,"originStatement":"Product of New Zealand","marketingInitiatives":[{"initiativeCode":"AOV"}],"singlePrice":{"price":700,"promoId":"130060152"},"promotions":[{"promoId":"130060152","rewardValue":700,"decal":"6000","sapType":"BASE","rewardType":"NEW_PRICE","threshold":1,"limit":0,"multiProducts":false,"cardDependencyFlag":false,"bestPromotion":true}],"categoryTrees":[{"level0":"Fruit & Vegetables","level1":"Fruit","level2":"Melons & Pineapples"},{"level0":"Featured","level1":"Back to School","level2":"Lunchbox Snacks","webContent":{"badgeSmallUrl":"","badgeMediumUrl":"","badgeLargeUrl":"","title":"","subTitle":"","campaignUrl":""},"appContent":{"badgeSmallUrl":"","badgeMediumUrl":"","badgeLargeUrl":"","title":"","subTitle":"","campaignUrl":""}}],"cateredFlag":false,"algoliaAnalytics":{"searchQueryID":"92000cb18359a050969d50c165ddd602","searchPosition":76},"boughtBefore":false},{"productId":"5046517-EA-000","name":"Green Cabbage Half","displayName":"ea","availability":["IN_STORE","ONLINE"],"saleType":"UNITS","restrictedFlag":false,"liquorFlag":false,"tobaccoFlag":false,"originRegulated":true,"originStatement":"Product of New Zealand","singlePrice":{"price":269},"categoryTrees":[{"level0":"Fruit & Vegetables","level1":"Vegetables","level2":"Broccoli, Cabbage & Cauliflower"}],"cateredFlag":false,"algoliaAnalytics":{"searchQueryID":"92000cb18359a050969d50c165ddd602","searchPosition":77},"boughtBefore":false},{"productId":"5008967-EA-000","brand":"UFC","name":"Coconut Water","displayName":"1l","availability":["IN_STORE","ONLINE"],"saleType":"UNITS","restrictedFlag":false,"liquorFlag":false,"tobaccoFlag":false,"originRegulated":false,"singlePrice":{"price":399,"comparativePrice":{"pricePerUnit":399,"unitQuantity":1,"unitQuantityUom":"L","measureDescription":"1L"}},"facets":[{"itemCode":"00020007","itemDescription":"Dairy Free"},{"itemCode":"00020009","itemDescription":"Low Fat"}],"categoryTrees":[{"level0":"Hot & Cold Drinks","level1":"Water","level2":"Coconut Water"}],"cateredFlag":false,"algoliaAnalytics":{"searchQueryID":"92000cb18359a050969d50c165ddd602","searchPosition":78},"boughtBefore":false},{"productId":"5001548-EA-000","brand":"Coca-Cola","name":"Soft Drink","displayName":"1.5l","availability":["IN_STORE","ONLINE"],"saleType":"UNITS","restrictedFlag":false,"liquorFlag":false,"tobaccoFlag":false,"originRegulated":false,"singlePrice":{"price":299,"comparativePrice":{"pricePerUnit":199,"unitQuantity":1,"unitQuantityUom":"L","measureDescription":"1L"}},"categoryTrees":[{"level0":"Hot & Cold Drinks","level1":"Soft Drinks & Mixers","level2":"Cola"}],"cateredFlag":false,"algoliaAnalytics":{"searchQueryID":"92000cb18359a050969d50c165ddd602","searchPosition":79},"boughtBefore":false},{"productId":"5026102-EA-000","brand":"Anchor","name":"Pure Cream","displayName":"500ml","availability":["IN_STORE","ONLINE"],"saleType":"UNITS","restrictedFlag":false,"liquorFlag":false,"tobaccoFlag":false,"originRegulated":false,"singlePrice":{"price":472,"comparativePrice":{"pricePerUnit":94,"unitQuantity":100,"unitQuantityUom":"ml","measureDescription":"100ml"}},"facets":[{"itemCode":"00020012","itemDescription":"Non-GMO"}],"categoryTrees":[{"level0":"Fridge, Deli & Eggs","level1":"Cream, Custard & Desserts","level2":"Fresh Cream"}],"cateredFlag":false,"algoliaAnalytics":{"searchQueryID":"92000cb18359a050969d50c165ddd602","searchPosition":80},"boughtBefore":false},{"productId":"5281163-EA-000","brand":"Rise N Shine","name":"Size 7 12 Pack Colony Eggs","displayName":"12pk","availability":["IN_STORE","ONLINE"],"saleType":"UNITS","restrictedFlag":false,"liquorFlag":false,"tobaccoFlag":false,"originRegulated":false,"singlePrice":{"price":729,"comparativePrice":{"pricePerUnit":61,"unitQuantity":1,"unitQuantityUom":"ea","measureDescription":"ea"}},"categoryTrees":[{"level0":"Fridge, Deli & Eggs","level1":"Eggs","level2":"Barn Eggs"}],"cateredFlag":false,"algoliaAnalytics":{"searchQueryID":"92000cb18359a050969d50c165ddd602","searchPosition":81},"boughtBefore":false},{"productId":"5001903-EA-000","brand":"Coca-Cola","name":"Soft Drink","displayName":"2.25l","availability":["IN_STORE","ONLINE"],"saleType":"UNITS","restrictedFlag":false,"liquorFlag":false,"tobaccoFlag":false,"originRegulated":false,"singlePrice":{"price":349,"comparativePrice":{"pricePerUnit":155,"unitQuantity":1,"unitQuantityUom":"L","measureDescription":"1L"}},"facets":[{"itemCode":"00020012","itemDescription":"Non-GMO"}],"categoryTrees":[{"level0":"Hot & Cold Drinks","level1":"Soft Drinks & Mixers","level2":"Cola"}],"cateredFlag":false,"algoliaAnalytics":{"searchQueryID":"92000cb18359a050969d50c165ddd602","searchPosition":82},"boughtBefore":false},{"productId":"5007583-EA-000","brand":"Golden","name":"Crumpets","displayName":"6pk","availability":["IN_STORE","ONLINE"],"saleType":"UNITS","restrictedFlag":false,"liquorFlag":false,"tobaccoFlag":false,"originRegulated":false,"singlePrice":{"price":319,"comparativePrice":{"pricePerUnit":53,"unitQuantity":1,"unitQuantityUom":"ea","measureDescription":"ea"}},"facets":[{"itemCode":"00020011","itemDescription":"Low Sugar"},{"itemCode":"00020009","itemDescription":"Low Fat"},{"itemCode":"00020012","itemDescription":"Non-GMO"}],"categoryTrees":[{"level0":"Bakery","level1":"Bagels, Crumpets & Pancakes","level2":"Crumpets & Muffin Splits"}],"cateredFlag":false,"algoliaAnalytics":{"searchQueryID":"92000cb18359a050969d50c165ddd602","searchPosition":83},"boughtBefore":false},{"productId":"5002667-EA-000","brand":"Sunrise","name":"Table spread","displayName":"500g","availability":["IN_STORE","ONLINE"],"saleType":"UNITS","restrictedFlag":false,"liquorFlag":false,"tobaccoFlag":false,"originRegulated":false,"singlePrice":{"price":259,"promoId":"129963837","comparativePrice":{"pricePerUnit":52,"unitQuantity":100,"unitQuantityUom":"g","measureDescription":"100g"}},"promotions":[{"promoId":"129963837","rewardValue":259,"decal":"6000","sapType":"BASE","rewardType":"NEW_PRICE","threshold":1,"limit":0,"multiProducts":false,"cardDependencyFlag":false,"bestPromotion":true,"comparativePrice":{"pricePerUnit":52,"unitQuantity":100,"unitQuantityUom":"g","measureDescription":"100g"}}],"facets":[{"itemCode":"00020012","itemDescription":"Non-GMO"}],"categoryTrees":[{"level0":"Fridge, Deli & Eggs","level1":"Butter & Margarine","level2":"Dairy Free Spreads"}],"cateredFlag":false,"algoliaAnalytics":{"searchQueryID":"92000cb18359a050969d50c165ddd602","searchPosition":84},"boughtBefore":false},{"productId":"5046454-KGM-000","name":"Seedless Red Grapes","displayName":"kg","availability":["IN_STORE","ONLINE"],"saleType":"WEIGHT","restrictedFlag":false,"liquorFlag":false,"tobaccoFlag":false,"originRegulated":true,"originStatement":"Product of Peru","variableWeight":{"minOrderQuantity":100,"stepSize":100,"stepUnitOfMeasure":"g"},"singlePrice":{"price":1399,"comparativePrice":{"pricePerUnit":1399,"unitQuantity":1,"unitQuantityUom":"kg","measureDescription":"1kg"}},"categoryTrees":[{"level0":"Fruit & Vegetables","level1":"Fruit","level2":"Berries, Grapes & Cherries"}],"cateredFlag":false,"algoliaAnalytics":{"searchQueryID":"92000cb18359a050969d50c165ddd602","searchPosition":85},"boughtBefore":false},{"productId":"5046566-KGM-000","name":"Seedless Green Grapes","displayName":"kg","availability":["IN_STORE","ONLINE"],"saleType":"WEIGHT","restrictedFlag":false,"liquorFlag":false,"tobaccoFlag":false,"originRegulated":true,"originStatement":"Product of Australia","variableWeight":{"minOrderQuantity":100,"stepSize":100,"stepUnitOfMeasure":"g"},"singlePrice":{"price":1399,"comparativePrice":{"pricePerUnit":1399,"unitQuantity":1,"unitQuantityUom":"kg","measureDescription":"1kg"}},"categoryTrees":[{"level0":"Fruit & Vegetables","level1":"Fruit","level2":"Berries, Grapes & Cherries"}],"cateredFlag":false,"algoliaAnalytics":{"searchQueryID":"92000cb18359a050969d50c165ddd602","searchPosition":86},"boughtBefore":false},{"productId":"5003829-EA-000","brand":"Pams","name":"Pure Plain Flour","displayName":"1.5kg","availability":["IN_STORE","ONLINE"],"saleType":"UNITS","restrictedFlag":false,"liquorFlag":false,"tobaccoFlag":false,"originRegulated":false,"singlePrice":{"price":189,"comparativePrice":{"pricePerUnit":13,"unitQuantity":100,"unitQuantityUom":"g","measureDescription":"100g"}},"facets":[{"itemCode":"00020012","itemDescription":"Non-GMO"}],"categoryTrees":[{"level0":"Pantry","level1":"Baking Supplies & Sugar","level2":"Flour"},{"level0":"Featured","level1":"Pams","level2":"Baking Supplies & Sugar"}],"cateredFlag":false,"algoliaAnalytics":{"searchQueryID":"92000cb18359a050969d50c165ddd602","searchPosition":87},"boughtBefore":false},{"productId":"5009651-EA-000","brand":"Whittaker's","name":"Creamy Milk 33% Cocoa Milk Chocolate Block","displayName":"250g","availability":["IN_STORE","ONLINE"],"saleType":"UNITS","restrictedFlag":false,"liquorFlag":false,"tobaccoFlag":false,"originRegulated":false,"singlePrice":{"price":659,"promoId":"130003244","comparativePrice":{"pricePerUnit":264,"unitQuantity":100,"unitQuantityUom":"g","measureDescription":"100g"}},"promotions":[{"promoId":"130003244","rewardValue":659,"decal":"6000","sapType":"BASE","rewardType":"NEW_PRICE","threshold":1,"limit":0,"multiProducts":false,"cardDependencyFlag":false,"bestPromotion":true,"comparativePrice":{"pricePerUnit":264,"unitQuantity":100,"unitQuantityUom":"g","measureDescription":"100g"}}],"facets":[{"itemCode":"00020012","itemDescription":"Non-GMO"}],"categoryTrees":[{"level0":"Snacks, Treats & Easy Meals","level1":"Chocolate, Sweets & Chewing Gum","level2":"Chocolate Blocks"},{"level0":"Pantry","level1":"Chocolate, Sweets & Chewing Gum","level2":"Chocolate Blocks"}],"cateredFlag":false,"algoliaAnalytics":{"searchQueryID":"92000cb18359a050969d50c165ddd602","searchPosition":88},"boughtBefore":false},{"productId":"5266784-EA-000","brand":"Simply Milk","name":"Standard Milk","displayName":"2l","availability":["IN_STORE","ONLINE"],"saleType":"UNITS","restrictedFlag":false,"liquorFlag":false,"tobaccoFlag":false,"originRegulated":false,"singlePrice":{"price":493,"comparativePrice":{"pricePerUnit":247,"unitQuantity":1,"unitQuantityUom":"L","measureDescription":"1L"}},"facets":[{"itemCode":"00020012","itemDescription":"Non-GMO"}],"categoryTrees":[{"level0":"Fridge, Deli & Eggs","level1":"Milk","level2":"Fresh Milk"}],"cateredFlag":false,"algoliaAnalytics":{"searchQueryID":"92000cb18359a050969d50c165ddd602","searchPosition":89},"boughtBefore":false},{"productId":"5000518-EA-000","brand":"Anchor","name":"Blue Milk","displayName":"1l","availability":["IN_STORE","ONLINE"],"saleType":"UNITS","restrictedFlag":false,"liquorFlag":false,"tobaccoFlag":false,"originRegulated":false,"singlePrice":{"price":331,"comparativePrice":{"pricePerUnit":331,"unitQuantity":1,"unitQuantityUom":"L","measureDescription":"1L"}},"facets":[{"itemCode":"00020012","itemDescription":"Non-GMO"}],"categoryTrees":[{"level0":"Fridge, Deli & Eggs","level1":"Milk","level2":"Fresh Milk"}],"cateredFlag":false,"algoliaAnalytics":{"searchQueryID":"92000cb18359a050969d50c165ddd602","searchPosition":90},"boughtBefore":false},{"productId":"5009951-EA-000","brand":"Sealord","name":"Lemon Pepper Flavour Tuna","displayName":"95g","availability":["IN_STORE","ONLINE"],"saleType":"UNITS","restrictedFlag":false,"liquorFlag":false,"tobaccoFlag":false,"originRegulated":false,"singlePrice":{"price":209,"comparativePrice":{"pricePerUnit":2200,"unitQuantity":1,"unitQuantityUom":"kg","measureDescription":"1kg"}},"facets":[{"itemCode":"00020012","itemDescription":"Non-GMO"}],"categoryTrees":[{"level0":"Pantry","level1":"Canned Foods & Packets","level2":"Canned Tuna"}],"cateredFlag":false,"algoliaAnalytics":{"searchQueryID":"92000cb18359a050969d50c165ddd602","searchPosition":91},"boughtBefore":false},{"productId":"5046533-KGM-000","name":"White Button Mushrooms","displayName":"kg","availability":["IN_STORE","ONLINE"],"saleType":"BOTH","restrictedFlag":false,"liquorFlag":false,"tobaccoFlag":false,"originRegulated":true,"originStatement":"Product of New Zealand","variableWeight":{"unitOfMeasure":"g","averageWeight":30,"minOrderQuantity":100,"stepSize":50,"stepUnitOfMeasure":"g"},"singlePrice":{"price":969,"comparativePrice":{"pricePerUnit":969,"unitQuantity":1,"unitQuantityUom":"kg","measureDescription":"1kg"}},"categoryTrees":[{"level0":"Fruit & Vegetables","level1":"Vegetables","level2":"Mushrooms"}],"cateredFlag":false,"algoliaAnalytics":{"searchQueryID":"92000cb18359a050969d50c165ddd602","searchPosition":92},"boughtBefore":false},{"productId":"5002650-EA-000","brand":"Anchor","name":"Butter","displayName":"500g","availability":["IN_STORE","ONLINE"],"saleType":"UNITS","restrictedFlag":false,"liquorFlag":false,"tobaccoFlag":false,"originRegulated":false,"singlePrice":{"price":869,"promoId":"129968014","comparativePrice":{"pricePerUnit":174,"unitQuantity":100,"unitQuantityUom":"g","measureDescription":"100g"}},"promotions":[{"promoId":"129968014","rewardValue":869,"decal":"6000","sapType":"BASE","rewardType":"NEW_PRICE","threshold":1,"limit":0,"multiProducts":false,"cardDependencyFlag":false,"bestPromotion":true,"comparativePrice":{"pricePerUnit":174,"unitQuantity":100,"unitQuantityUom":"g","measureDescription":"100g"}}],"facets":[{"itemCode":"00020012","itemDescription":"Non-GMO"}],"categoryTrees":[{"level0":"Fridge, Deli & Eggs","level1":"Butter & Margarine","level2":"Butter"}],"cateredFlag":false,"algoliaAnalytics":{"searchQueryID":"92000cb18359a050969d50c165ddd602","searchPosition":93},"boughtBefore":false},{"productId":"5140580-EA-000","brand":"Value","name":"Cheddar Flavoured Processed Cheese Slices","displayName":"500g","availability":["IN_STORE","ONLINE"],"saleType":"UNITS","restrictedFlag":false,"liquorFlag":false,"tobaccoFlag":false,"originRegulated":false,"singlePrice":{"price":649,"comparativePrice":{"pricePerUnit":130,"unitQuantity":100,"unitQuantityUom":"g","measureDescription":"100g"}},"facets":[{"itemCode":"00020012","itemDescription":"Non-GMO"}],"categoryTrees":[{"level0":"Fridge, Deli & Eggs","level1":"Cheese","level2":"Sliced Cheese"}],"cateredFlag":false,"algoliaAnalytics":{"searchQueryID":"92000cb18359a050969d50c165ddd602","searchPosition":94},"boughtBefore":false},{"productId":"5026046-EA-000","brand":"Molenberg","name":"Original Sandwich Bread","displayName":"700g","availability":["IN_STORE","ONLINE"],"saleType":"UNITS","restrictedFlag":false,"liquorFlag":false,"tobaccoFlag":false,"originRegulated":false,"singlePrice":{"price":379,"comparativePrice":{"pricePerUnit":54,"unitQuantity":100,"unitQuantityUom":"g","measureDescription":"100g"}},"facets":[{"itemCode":"00020012","itemDescription":"Non-GMO"}],"categoryTrees":[{"level0":"Bakery","level1":"Sliced & Packaged Bread","level2":"Wholemeal, Grain & Seeded Bread"},{"level0":"Featured","level1":"Back to School","level2":"Back to School Lunches","webContent":{"badgeSmallUrl":"","badgeMediumUrl":"","badgeLargeUrl":"","title":"","subTitle":"","campaignUrl":""},"appContent":{"badgeSmallUrl":"","badgeMediumUrl":"","badgeLargeUrl":"","title":"","subTitle":"","campaignUrl":""}}],"cateredFlag":false,"algoliaAnalytics":{"searchQueryID":"92000cb18359a050969d50c165ddd602","searchPosition":95},"boughtBefore":false},{"productId":"5028855-EA-000","brand":"Pams","name":"Cream","displayName":"1l","availability":["IN_STORE","ONLINE"],"saleType":"UNITS","restrictedFlag":false,"liquorFlag":false,"tobaccoFlag":false,"originRegulated":false,"singlePrice":{"price":865,"comparativePrice":{"pricePerUnit":87,"unitQuantity":100,"unitQuantityUom":"ml","measureDescription":"100ml"}},"facets":[{"itemCode":"00020012","itemDescription":"Non-GMO"}],"categoryTrees":[{"level0":"Fridge, Deli & Eggs","level1":"Cream, Custard & Desserts","level2":"Fresh Cream"}],"cateredFlag":false,"algoliaAnalytics":{"searchQueryID":"92000cb18359a050969d50c165ddd602","searchPosition":96},"boughtBefore":false},{"productId":"5027140-EA-000","brand":"Meadow Fresh","name":"Traditional Sour Cream","displayName":"250g","availability":["IN_STORE","ONLINE"],"saleType":"UNITS","restrictedFlag":false,"liquorFlag":false,"tobaccoFlag":false,"originRegulated":false,"singlePrice":{"price":289,"comparativePrice":{"pricePerUnit":116,"unitQuantity":100,"unitQuantityUom":"g","measureDescription":"100g"}},"facets":[{"itemCode":"00020004","itemDescription":"Gluten Free"},{"itemCode":"00020012","itemDescription":"Non-GMO"},{"itemCode":"00020002","itemDescription":"Halal"}],"categoryTrees":[{"level0":"Fridge, Deli & Eggs","level1":"Cream, Custard & Desserts","level2":"Sour Cream & Crme Fraiche"}],"cateredFlag":false,"algoliaAnalytics":{"searchQueryID":"92000cb18359a050969d50c165ddd602","searchPosition":97},"boughtBefore":false},{"productId":"5040464-EA-000","brand":"Pams","name":"Baby Spinach","displayName":"120g","availability":["IN_STORE","ONLINE"],"saleType":"UNITS","restrictedFlag":false,"liquorFlag":false,"tobaccoFlag":false,"originRegulated":true,"originStatement":"Product of New Zealand","singlePrice":{"price":379,"comparativePrice":{"pricePerUnit":3158,"unitQuantity":1,"unitQuantityUom":"kg","measureDescription":"1kg"}},"facets":[{"itemCode":"00020012","itemDescription":"Non-GMO"}],"categoryTrees":[{"level0":"Fruit & Vegetables","level1":"Vegetables","level2":"Lettuce, Spinach & Salad Greens"},{"level0":"Fruit & Vegetables","level1":"Fresh Salad & Herbs","level2":"Lettuce, Spinach & Salad Greens"}],"cateredFlag":false,"algoliaAnalytics":{"searchQueryID":"92000cb18359a050969d50c165ddd602","searchPosition":98},"boughtBefore":false},{"productId":"5007348-EA-000","brand":"Country Soft","name":"Canola Oil And Buttermilk Spread","displayName":"500g","availability":["IN_STORE","ONLINE"],"saleType":"UNITS","restrictedFlag":false,"liquorFlag":false,"tobaccoFlag":false,"originRegulated":false,"singlePrice":{"price":399,"comparativePrice":{"pricePerUnit":80,"unitQuantity":100,"unitQuantityUom":"g","measureDescription":"100g"}},"facets":[{"itemCode":"00020012","itemDescription":"Non-GMO"}],"categoryTrees":[{"level0":"Fridge, Deli & Eggs","level1":"Butter & Margarine","level2":"Margarine & Spreads"}],"cateredFlag":false,"algoliaAnalytics":{"searchQueryID":"92000cb18359a050969d50c165ddd602","searchPosition":99},"boughtBefore":false},{"productId":"5034758-EA-000","brand":"Bluebird","name":"Thinly Cut Ready Salted Potato Chips","displayName":"140g","availability":["IN_STORE","ONLINE"],"saleType":"UNITS","restrictedFlag":false,"liquorFlag":false,"tobaccoFlag":false,"originRegulated":false,"singlePrice":{"price":219,"comparativePrice":{"pricePerUnit":156,"unitQuantity":100,"unitQuantityUom":"g","measureDescription":"100g"}},"facets":[{"itemCode":"00020004","itemDescription":"Gluten Free"},{"itemCode":"00020014","itemDescription":"Vegetarian"},{"itemCode":"00020012","itemDescription":"Non-GMO"},{"itemCode":"00020013","itemDescription":"Vegan"}],"categoryTrees":[{"level0":"Snacks, Treats & Easy Meals","level1":"Chips, Nuts & Snacks","level2":"Chips"},{"level0":"Pantry","level1":"Chips, Nuts & Snacks","level2":"Chips"}],"cateredFlag":false,"algoliaAnalytics":{"searchQueryID":"92000cb18359a050969d50c165ddd602","searchPosition":100},"boughtBefore":false}],"algoliaSearchResult":{"facets":{"brand":{"Pams":809,"Wattie's":155,"Mrs Rogers":111,"Colgate":90,"Anchor":81,"Korbond":81,"Healtheries":80,"Tip Top":72,"Hellers":64,"VitaPet":63,"Gregg's":60,"Value":60,"Ceres Organics":56,"Continental":52,"Dettol":52,"Tasti":52,"Mainland":51,"Griffin's":50,"Maggi":50,"Pams Value":50,"Nivea":49,"Red Seal":49,"Dove":48,"Barker's":47,"Meadow Fresh":47,"Musashi":46,"Huggies":44,"Nestle":43,"Nescafe":41,"Palmolive":40,"McCain":39,"Bic":38,"Masterfoods":37,"Mother Earth":36,"Cadbury":35,"Delmaine":34,"Kellogg's":34,"Heinz":33,"Sealord":33,"Graze":31,"Lewis Road Creamery":31,"Sistema":31,"Whittaker's":31,"Chux":30,"Edmonds":30,"Jed's Coffee Co.":30,"The Collective":30,"Pams Finest":29,"Avalanche":28,"Bundaberg":28,"Energizer":28,"Whiskas":28,"Big Black Sacks":27,"Bluebird":27,"Glow Lab":27,"Kapiti":27,"Palmolive Naturals":27,"Arnott's":26,"Diamond":26,"Fresh To Go":26,"Hubbards":26,"Lindt":26,"Schweppes":26,"Farrah's":25,"Moccona":25,"Old El Paso":25,"Persil":25,"Philips":25,"Best":24,"Chef":24,"Fresh 'n Fruity":24,"Schick":24,"Tegel":24,"Eta":23,"Purina Fancy Feast":23,"Surv":23,"Dairyworks":22,"Dine":22,"Ecostore":22,"Harpic":22,"North Head":22,"San Remo":22,"Head & Shoulders":21,"John West":21,"Lee Kum Kee":21,"Rascals":21,"V":21,"Verkerks":21,"Chelsea":20,"Jacob's Creek":20,"Leggo's":20,"Only Organic":20,"Sanitarium Up & Go":20,"U By Kotex":20,"Campbell's":19,"Eveready":19,"Magnum":19,"Nivea Men":19,"Poise":19,"Schwarzkopf Extra Care":19},"tobacco":{"false":9994},"category1NI":{"Chips, Nuts & Snacks":445,"Canned Foods & Packets":347,"Pams":344,"Biscuits & Crackers":304,"Back to School":290,"Chocolate, Sweets & Chewing Gum":288,"Cooking Sauces, Stocks & Marinades":274,"Hair Care":265,"Stationery & Entertainment":257,"Cheese":238,"Lunchbox Snacks":235,"Spices, Seasoning & Coatings":234,"Baking Supplies & Sugar":231,"Coffee":226,"Table Sauces, Dressings & Condiments":225,"Pasta, Rice & Noodles":224,"Cat":213,"Ice Cream & Sorbet":204,"Yoghurt":202,"Cleaning & Accessories":199,"Easy Meals & Meal Kits":176,"Deli Meats & Smoked Fish":169,"Homewares":165,"Food Wrap, Storage & Bags":163,"Dental & Oral Care":159,"Bath, Shower & Soap":157,"Red Wine":156,"Dog":151,"Soft Drinks & Mixers":148,"Breakfast Cereals":146,"Skin Care & Sun Care":143,"Deli Meats":137,"Laundry":134,"White Wine":130,"Medical & First Aid":125,"$5 Week 1":117,"Juice & Smoothies":111,"Period & Continence Care":111,"World Foods":111,"Vegetables":107,"Dips, Hummus & Antipasti":103,"Vitamins & Supplements":101,"Milk":98,"Deodorant & Body Sprays":97,"Ready to Eat":95,"Batteries & Electrical":93,"Jams, Honey & Spreads":93,"Beer":92,"Tea":91,"Sports & Energy Drinks":90,"Bulk Foods":86,"Desserts":86,"Nappies & Changing":83,"Chilled Soups & Ready Meals":80,"Frozen Chicken & Meat":76,"Garage & Outdoor":76,"Baby & Toddler Food":74,"Sliced & Packaged Bread":72,"Kitchen Cleaners":71,"Cakes, Muffins & Desserts":67,"Hot Chocolate & Milk Drinks":67,"Shaving & Hair Removal":65,"Frozen Fish & Seafood":64,"Bathroom & Toilet Cleaners":61,"Fresh Salad & Herbs":61,"Sports Nutrition & Weight Management":60,"Frozen Vegetables":57,"In-Store Bakery":57,"Oil & Vinegar":56,"Frozen Dumplings, Pies & Snacks":53,"Dishwashing":52,"Frozen Pizza & Ready Meals":52,"Wraps, Pita & Flat Bread":50,"Butter & Margarine":48,"Frozen Fruit & Desserts":46,"Pest & Insect Control":46,"Syrups, Cordials & Powdered Drinks":46,"Long Life & Dairy Free Milk":45,"Chilled Pasta, Pizza & Garlic Bread":43,"Baby & Toddler Toiletries":41,"Toilet Paper, Tissues & Paper Towels":40,"Mince, Sausages & Meatballs":39,"Rose Wine":39,"Seafood":39,"Champagne & Sparkling Wine":38,"Baby Formula":37,"Frozen Chips & Hash Browns":36,"Fruit":36,"Bagels, Crumpets & Pancakes":35,"Cream, Custard & Desserts":34,"Craft Beer":31,"Water":31,"Chicken & Poultry":30,"Kombucha & Functional Drinks":29,"Clothing & Accessories":28,"Nursing & Feeding":28,"Alcohol Free Drinks":27,"Burger Buns, Rolls & Garlic Bread":26,"Cider":24,"Frozen Pastry & Bread":23},"onPromotion":{"61dd754e-8525-4b9e-9e08-173389eea8a8":2714,"c3f9e1a3-fc34-452d-af2e-95349e666ba4":2702,"715f0e22-95e0-45ce-af3a-07057209976e":2698,"4a279605-eaa8-470d-bcd4-0a9e3c9ab43b":2685,"5cf0392f-c187-4fc4-a463-eb269d2e8f45":2660,"90082979-fb9f-4305-9c72-83274fc438cc":2656,"b29a98bd-749c-489c-9eef-6aa38e66a29b":2631,"2ed73be8-936d-4f35-9398-75a707f40a7b":2560,"dbca5e00-f7f9-43ae-91de-031ad16f8a92":2548,"be4c4780-218e-425a-a90f-63e21773572b":2538,"8cd700ae-d96f-4761-bd7a-805d6b93536d":2460,"d8032da3-c1b9-456e-b626-41ce21f8c67b":2401,"3c5e3145-0767-4066-9349-6c0a1313acc5":2383,"bdc5ef4a-c6a7-4f8a-b8cb-28109e6d61c3":2266,"2a1b331a-fc4a-496a-b072-e97cc8f70cae":2066,"d6d39eea-889d-4e20-923c-55cab225cf7f":2060,"c2204dae-579e-4b6b-9d42-2e13ceaa6031":2057,"65defcf2-bc15-490e-a84f-1f13b769cd22":2047,"8f0d70be-5cb7-464b-99cb-8b0130671895":2024,"b92cc33f-b5a8-4b57-9b82-412946800020":1977,"3404c253-577f-45ca-b301-c98312e46efb":1965,"c0f80e87-16be-4488-9553-da437e8c6c2a":1954,"6e6809dd-01bc-45c9-aab1-f01ccd8338b0":1952,"3bfe040b-f0c9-45e0-949b-b9ad5a591d55":1940,"92086ded-a55d-4241-a364-7d7ea91531b4":1937,"48dd98cc-a757-4102-b15d-ea82b4b10571":1931,"49037947-e450-49bf-ba1f-a94551c79a72":1915,"21ecaaed-0749-4492-985e-4bb7ba43d59c":1903,"3bb30799-82ce-4648-8c02-5113228963ed":1895,"01a114de-149c-4f5f-80a1-90cc63f69c6e":1886,"c180a72d-5dbe-4403-b7c7-91655e505492":1877,"714431ab-6e39-4df6-ac77-cfc5c1e25bc8":1864,"e1925ea7-01bc-4358-ae7c-c6502da5ab12":1860,"64eab5b1-8d79-45f4-94f1-02b8cf8b6202":1857,"1c388d5e-29ac-4956-b476-cb3431353d2e":1852,"5f167936-79ae-4f6a-b9d2-74afe1bb096b":1845,"d1cd1fdd-8767-46a6-a8d3-c3e0632c2dc8":1845,"b2e98a14-c8ca-401e-99ed-edf74570c6f6":1838,"af385423-d0f1-41f0-9482-ffd10b745143":1829,"6cda96e1-7d29-44a6-956b-3fcfdecc8184":1820,"529d66cc-60e3-432e-b8d1-efc9f2ec4919":1815,"4fcc1c8e-cc5e-4675-ba25-5e56b579cf69":1800,"7d48a781-4f68-4c91-a908-8659e1b22f95":1773,"53989945-1a28-481d-a61c-d6f75f760ada":1767,"60561e46-ece7-43a7-b142-9b14812586e4":1765,"9cd8eb60-3222-4efc-bd7c-50e03e6a81a4":1761,"33d8d6fc-861a-45ff-9937-5ccdb55eaede":1756,"15e6f441-5c1c-4d25-b4ec-1adf918c49c7":1746,"98ec3885-ac93-4fcb-807b-59c9055c52c4":1730,"94ef1985-cab1-4b39-a2f3-230120f03c16":1727,"a7d09522-bee2-41e4-8fe0-0b82b7f342f5":1712,"6c73764e-b8e6-4e55-ad37-f6a9d207da1f":1700,"b83029b6-5dd5-449e-8056-26f3943a4e18":1699,"50b1216b-d066-4457-b88b-9bccf97bf6d3":1684,"3e82142c-78dc-46f3-82ec-28e65fcf84c9":1614,"b39562a4-2b72-43fe-b9ba-eda1d651ad0b":1577,"076e8177-943b-41fc-a885-ba3d28297acf":1534},"productFacets":{"Non-GMO":4194,"Gluten Free":1186,"Dairy Free":518,"Vegetarian":461,"Low Fat":431,"Vegan":397,"Low Sugar":355,"Organic":260,"Halal":229,"Free Range":100,"Cage Free":47,"Keto":27,"Low Salt":24,"Healthy Heart Tick":1}}},"algoliaFacetQueriesResults":[],"totalHits":1000,"page":1,"totalPages":20,"hitsPerPage":50},
{"tobaccoProducts":true,"products":[{"productId":"5028110-EA-000","name":"Avocado","displayName":"ea","availability":["IN_STORE","ONLINE"],"saleType":"UNITS","restrictedFlag":false,"liquorFlag":false,"tobaccoFlag":false,"originRegulated":true,"originStatement":"Product of New Zealand","singlePrice":{"price":169},"categoryTrees":[{"level0":"Fruit & Vegetables","level1":"Fruit","level2":"Avocado"}],"cateredFlag":false,"algoliaAnalytics":{"searchQueryID":"93ee10b49da2b2599cca3b2eb7f603e3","searchPosition":1},"boughtBefore":false},{"productId":"5046542-KGM-000","name":"Bananas","displayName":"kg","availability":["IN_STORE","ONLINE"],"saleType":"BOTH","restrictedFlag":false,"liquorFlag":false,"tobaccoFlag":false,"originRegulated":true,"originStatement":"Product of Ecuador or Philippines","variableWeight":{"unitOfMeasure":"g","averageWeight":190,"minOrderQuantity":200,"stepSize":100,"stepUnitOfMeasure":"g"},"singlePrice":{"price":349,"comparativePrice":{"pricePerUnit":349,"unitQuantity":1,"unitQuantityUom":"kg","measureDescription":"1kg"}},"categoryTrees":[{"level0":"Fruit & Vegetables","level1":"Fruit","level2":"Bananas"}],"cateredFlag":false,"algoliaAnalytics":{"searchQueryID":"93ee10b49da2b2599cca3b2eb7f603e3","searchPosition":2},"boughtBefore":false},{"productId":"5039956-EA-000","name":"Broccoli","displayName":"ea","availability":["IN_STORE","ONLINE"],"saleType":"UNITS","restrictedFlag":false,"liquorFlag":false,"tobaccoFlag":false,"originRegulated":true,"originStatement":"Product of New Zealand","singlePrice":{"price":239},"categoryTrees":[{"level0":"Fruit & Vegetables","level1":"Vegetables","level2":"Broccoli, Cabbage & Cauliflower"}],"cateredFlag":false,"algoliaAnalytics":{"searchQueryID":"93ee10b49da2b2599cca3b2eb7f603e3","searchPosition":3},"boughtBefore":false},{"productId":"5028889-EA-000","name":"Telegraph Cucumber","displayName":"ea","availability":["IN_STORE","ONLINE"],"saleType":"UNITS","restrictedFlag":false,"liquorFlag":false,"tobaccoFlag":false,"originRegulated":true,"originStatement":"Product of New Zealand","singlePrice":{"price":199},"categoryTrees":[{"level0":"Fruit & Vegetables","level1":"Vegetables","level2":"Tomatoes, Cucumber & Capsicum"}],"cateredFlag":false,"algoliaAnalytics":{"searchQueryID":"93ee10b49da2b2599cca3b2eb7f603e3","searchPosition":4},"boughtBefore":false},{"productId":"5201479-EA-000","brand":"Pams Value","name":"Standard Milk","displayName":"2l","availability":["IN_STORE","ONLINE"],"saleType":"UNITS","restrictedFlag":false,"liquorFlag":false,"tobaccoFlag":false,"originRegulated":false,"singlePrice":{"price":452,"comparativePrice":{"pricePerUnit":226,"unitQuantity":1,"unitQuantityUom":"L","measureDescription":"1L"}},"facets":[{"itemCode":"00020012","itemDescription":"Non-GMO"}],"categoryTrees":[{"level0":"Fridge, Deli & Eggs","level1":"Milk","level2":"Fresh Milk"}],"cateredFlag":false,"algoliaAnalytics":{"searchQueryID":"93ee10b49da2b2599cca3b2eb7f603e3","searchPosition":5},"boughtBefore":false},{"productId":"5023660-EA-000","brand":"Pams","name":"Pure Butter","displayName":"500g","availability":["IN_STORE","ONLINE"],"saleType":"UNITS","restrictedFlag":false,"liquorFlag":false,"tobaccoFlag":false,"originRegulated":false,"singlePrice":{"price":779,"comparativePrice":{"pricePerUnit":156,"unitQuantity":100,"unitQuantityUom":"g","measureDescription":"100g"}},"facets":[{"itemCode":"00020012","itemDescription":"Non-GMO"},{"itemCode":"00020002","itemDescription":"Halal"}],"categoryTrees":[{"level0":"Fridge, Deli & Eggs","level1":"Butter & Margarine","level2":"Butter"},{"level0":"Featured","level1":"Pams","level2":"Dairy & Eggs"}],"cateredFlag":false,"algoliaAnalytics":{"searchQueryID":"93ee10b49da2b2599cca3b2eb7f603e3","searchPosition":6},"boughtBefore":false},{"productId":"5201490-EA-000","brand":"Pams Value","name":"Standard Milk","displayName":"3l","availability":["IN_STORE","ONLINE"],"saleType":"UNITS","restrictedFlag":false,"liquorFlag":false,"tobaccoFlag":false,"originRegulated":false,"singlePrice":{"price":671,"comparativePrice":{"pricePerUnit":224,"unitQuantity":1,"unitQuantityUom":"L","measureDescription":"1L"}},"facets":[{"itemCode":"00020012","itemDescription":"Non-GMO"}],"categoryTrees":[{"level0":"Fridge, Deli & Eggs","level1":"Milk","level2":"Fresh Milk"}],"cateredFlag":false,"algoliaAnalytics":{"searchQueryID":"93ee10b49da2b2599cca3b2eb7f603e3","searchPosition":7},"boughtBefore":false},{"productId":"5045858-EA-000","name":"Sweetcorn","displayName":"ea","availability":["IN_STORE","ONLINE"],"saleType":"UNITS","restrictedFlag":false,"liquorFlag":false,"tobaccoFlag":false,"originRegulated":true,"originStatement":"Product of New Zealand","singlePrice":{"price":109},"categoryTrees":[{"level0":"Fruit & Vegetables","level1":"Vegetables","level2":"Beans, Corn & Asparagus"}],"cateredFlag":false,"algoliaAnalytics":{"searchQueryID":"93ee10b49da2b2599cca3b2eb7f603e3","searchPosition":8},"boughtBefore":false},{"productId":"5092911-EA-000","brand":"Pams Value","name":"White Toast Fresh Sliced Bread","displayName":"600g","availability":["IN_STORE","ONLINE"],"saleType":"UNITS","restrictedFlag":false,"liquorFlag":false,"tobaccoFlag":false,"originRegulated":false,"singlePrice":{"price":199,"comparativePrice":{"pricePerUnit":33,"unitQuantity":100,"unitQuantityUom":"g","measureDescription":"100g"}},"facets":[{"itemCode":"00020007","itemDescription":"Dairy Free"},{"itemCode":"00020012","itemDescription":"Non-GMO"}],"categoryTrees":[{"level0":"Bakery","level1":"Sliced & Packaged Bread","level2":"White Bread"}],"cateredFlag":false,"algoliaAnalytics":{"searchQueryID":"93ee10b49da2b2599cca3b2eb7f603e3","searchPosition":9},"boughtBefore":false},{"productId":"5046503-EA-000","name":"Red Capsicum","displayName":"ea","availability":["IN_STORE","ONLINE"],"saleType":"UNITS","restrictedFlag":false,"liquorFlag":false,"tobaccoFlag":false,"originRegulated":true,"originStatement":"Product of New Zealand","marketingInitiatives":[{"initiativeCode":"AOV"}],"singlePrice":{"price":179,"promoId":"130047430"},"promotions":[{"promoId":"130045238","rewardValue":500,"decal":"6000","sapType":"LAYERED","rewardType":"NEW_PRICE","threshold":3,"multiProducts":true,"cardDependencyFlag":false,"bestPromotion":true,"comparativePrice":{"pricePerUnit":167,"unitQuantity":1,"unitQuantityUom":"ea","measureDescription":"ea"}}],"categoryTrees":[{"level0":"Fruit & Vegetables","level1":"Vegetables","level2":"Tomatoes, Cucumber & Capsicum"},{"level0":"$5 Week 1","level1":"$5 Week 1","level2":"Deals","webContent":{"badgeSmallUrl":"","badgeMediumUrl":"","badgeLargeUrl":"","title":"","subTitle":"","campaignUrl":""},"appContent":{"badgeSmallUrl":"","badgeMediumUrl":"","badgeLargeUrl":"","title":"","subTitle":"","campaignUrl":""}}],"cateredFlag":false,"algoliaAnalytics":{"searchQueryID":"93ee10b49da2b2599cca3b2eb7f603e3","searchPosition":10},"boughtBefore":false},{"productId":"5105651-KGM-000","name":"Skinless Chicken Breast","displayName":"kg","availability":["IN_STORE","ONLINE"],"saleType":"WEIGHT","restrictedFlag":false,"liquorFlag":false,"tobaccoFlag":false,"originRegulated":true,"originStatement":"Product of New Zealand","variableWeight":{"unitOfMeasure":"g","averageWeight":210,"minOrderQuantity":500,"stepSize":100,"stepUnitOfMeasure":"g"},"singlePrice":{"price":1349,"comparativePrice":{"pricePerUnit":1349,"unitQuantity":1,"unitQuantityUom":"kg","measureDescription":"1kg"}},"categoryTrees":[{"level0":"Meat, Poultry & Seafood","level1":"Chicken & Poultry","level2":"Chicken Breast, Thighs & Tenders"}],"cateredFlag":false,"algoliaAnalytics":{"searchQueryID":"93ee10b49da2b2599cca3b2eb7f603e3","searchPosition":11},"boughtBefore":false},{"productId":"5039965-KGM-000","name":"Carrots","displayName":"kg","availability":["IN_STORE","ONLINE"],"saleType":"BOTH","restrictedFlag":false,"liquorFlag":false,"tobaccoFlag":false,"originRegulated":true,"originStatement":"Product of New Zealand","variableWeight":{"unitOfMeasure":"g","averageWeight":150,"minOrderQuantity":200,"stepSize":100,"stepUnitOfMeasure":"g"},"singlePrice":{"price":229,"comparativePrice":{"pricePerUnit":229,"unitQuantity":1,"unitQuantityUom":"kg","measureDescription":"1kg"}},"categoryTrees":[{"level0":"Fruit & Vegetables","level1":"Vegetables","level2":"Carrots & Root Vegetables"}],"cateredFlag":false,"algoliaAnalytics":{"searchQueryID":"93ee10b49da2b2599cca3b2eb7f603e3","searchPosition":12},"boughtBefore":false},{"productId":"5105213-KGM-000","name":"NZ Chicken Drumsticks","displayName":"kg","availability":["IN_STORE","ONLINE"],"saleType":"WEIGHT","restrictedFlag":false,"liquorFlag":false,"tobaccoFlag":false,"originRegulated":true,"originStatement":"Product of New Zealand","variableWeight":{"minOrderQuantity":600,"stepSize":100,"stepUnitOfMeasure":"g"},"singlePrice":{"price":589,"comparativePrice":{"pricePerUnit":589,"unitQuantity":1,"unitQuantityUom":"kg","measureDescription":"1kg"}},"categoryTrees":[{"level0":"Meat, Poultry & Seafood","level1":"Chicken & Poultry","level2":"Chicken Drumsticks & Nibbles"}],"cateredFlag":false,"algoliaAnalytics":{"searchQueryID":"93ee10b49da2b2599cca3b2eb7f603e3","searchPosition":13},"boughtBefore":false},{"productId":"5045856-KGM-000","name":"Brown Onions","displayName":"kg","availability":["IN_STORE","ONLINE"],"saleType":"BOTH","restrictedFlag":false,"liquorFlag":false,"tobaccoFlag":false,"originRegulated":true,"originStatement":"Product of New Zealand","variableWeight":{"unitOfMeasure":"g","averageWeight":180,"minOrderQuantity":200,"stepSize":100,"stepUnitOfMeasure":"g"},"singlePrice":{"price":199,"comparativePrice":{"pricePerUnit":199,"unitQuantity":1,"unitQuantityUom":"kg","measureDescription":"1kg"}},"categoryTrees":[{"level0":"Fruit & Vegetables","level1":"Vegetables","level2":"Onions, Leeks & Shallots"}],"cateredFlag":false,"algoliaAnalytics":{"searchQueryID":"93ee10b49da2b2599cca3b2eb7f603e3","searchPosition":14},"boughtBefore":false},{"productId":"5040098-KGM-000","name":"Loose Red Tomatoes","displayName":"kg","availability":["IN_STORE","ONLINE"],"saleType":"BOTH","restrictedFlag":false,"liquorFlag":false,"tobaccoFlag":false,"originRegulated":true,"originStatement":"Product of New Zealand","variableWeight":{"unitOfMeasure":"g","averageWeight":140,"minOrderQuantity":150,"stepSize":100,"stepUnitOfMeasure":"g"},"singlePrice":{"price":499,"comparativePrice":{"pricePerUnit":499,"unitQuantity":1,"unitQuantityUom":"kg","measureDescription":"1kg"}},"categoryTrees":[{"level0":"Fruit & Vegetables","level1":"Vegetables","level2":"Tomatoes, Cucumber & Capsicum"}],"cateredFlag":false,"algoliaAnalytics":{"searchQueryID":"93ee10b49da2b2599cca3b2eb7f603e3","searchPosition":15},"boughtBefore":false},{"productId":"5009506-EA-000","brand":"Tip Top","name":"Supersoft White Toast Bread","displayName":"700g","availability":["IN_STORE","ONLINE"],"saleType":"UNITS","restrictedFlag":false,"liquorFlag":false,"tobaccoFlag":false,"originRegulated":false,"singlePrice":{"price":389,"comparativePrice":{"pricePerUnit":56,"unitQuantity":100,"unitQuantityUom":"g","measureDescription":"100g"}},"facets":[{"itemCode":"00020012","itemDescription":"Non-GMO"}],"categoryTrees":[{"level0":"Bakery","level1":"Sliced & Packaged Bread","level2":"White Bread"},{"level0":"Featured","level1":"Back to School","level2":"Back to School Lunches","webContent":{"badgeSmallUrl":"","badgeMediumUrl":"","badgeLargeUrl":"","title":"","subTitle":"","campaignUrl":""},"appContent":{"badgeSmallUrl":"","badgeMediumUrl":"","badgeLargeUrl":"","title":"","subTitle":"","campaignUrl":""}}],"cateredFlag":false,"algoliaAnalytics":{"searchQueryID":"93ee10b49da2b2599cca3b2eb7f603e3","searchPosition":16},"boughtBefore":false},{"productId":"5233712-EA-000","brand":"Pams Value","name":"Wheatmeal Toast Fresh Sliced Bread","displayName":"600g","availability":["IN_STORE","ONLINE"],"saleType":"UNITS","restrictedFlag":false,"liquorFlag":false,"tobaccoFlag":false,"originRegulated":false,"singlePrice":{"price":199,"comparativePrice":{"pricePerUnit":33,"unitQuantity":100,"unitQuantityUom":"g","measureDescription":"100g"}},"facets":[{"itemCode":"00020012","itemDescription":"Non-GMO"},{"itemCode":"00020007","itemDescription":"Dairy Free"}],"categoryTrees":[{"level0":"Bakery","level1":"Sliced & Packaged Bread","level2":"Wholemeal, Grain & Seeded Bread"},{"level0":"Featured","level1":"Pams","level2":"Bakery"}],"cateredFlag":false,"algoliaAnalytics":{"searchQueryID":"93ee10b49da2b2599cca3b2eb7f603e3","searchPosition":17},"boughtBefore":false},{"productId":"5201487-EA-000","brand":"Pams Value","name":"Lite Milk","displayName":"2l","availability":["IN_STORE","ONLINE"],"saleType":"UNITS","restrictedFlag":false,"liquorFlag":false,"tobaccoFlag":false,"originRegulated":false,"singlePrice":{"price":452,"comparativePrice":{"pricePerUnit":226,"unitQuantity":1,"unitQuantityUom":"L","measureDescription":"1L"}},"facets":[{"itemCode":"00020012","itemDescription":"Non-GMO"}],"categoryTrees":[{"level0":"Fridge, Deli & Eggs","level1":"Milk","level2":"Fresh Milk"}],"cateredFlag":false,"algoliaAnalytics":{"searchQueryID":"93ee10b49da2b2599cca3b2eb7f603e3","searchPosition":18},"boughtBefore":false},{"productId":"5022379-EA-000","brand":"Paseo","name":"Pure Luxury 3 Ply Long Toilet Tissue","displayName":"8 x 270 sheets","availability":["IN_STORE","ONLINE"],"saleType":"UNITS","restrictedFlag":false,"liquorFlag":false,"tobaccoFlag":false,"originRegulated":false,"singlePrice":{"price":799,"comparativePrice":{"pricePerUnit":37,"unitQuantity":100,"unitQuantityUom":"sheets","measureDescription":"100 sheets"}},"facets":[{"itemCode":"00020012","itemDescription":"Non-GMO"}],"categoryTrees":[{"level0":"Household & Cleaning","level1":"Toilet Paper, Tissues & Paper Towels","level2":"Toilet Paper"}],"cateredFlag":false,"algoliaAnalytics":{"searchQueryID":"93ee10b49da2b2599cca3b2eb7f603e3","searchPosition":19},"boughtBefore":false},{"productId":"5045849-KGM-000","name":"White Washed Potatoes","displayName":"kg","availability":["IN_STORE","ONLINE"],"saleType":"BOTH","restrictedFlag":false,"liquorFlag":false,"tobaccoFlag":false,"originRegulated":true,"originStatement":"Product of New Zealand","variableWeight":{"unitOfMeasure":"g","averageWeight":180,"minOrderQuantity":200,"stepSize":100,"stepUnitOfMeasure":"g"},"singlePrice":{"price":349,"comparativePrice":{"pricePerUnit":349,"unitQuantity":1,"unitQuantityUom":"kg","measureDescription":"1kg"}},"categoryTrees":[{"level0":"Fruit & Vegetables","level1":"Vegetables","level2":"Potato & Kumara"}],"cateredFlag":false,"algoliaAnalytics":{"searchQueryID":"93ee10b49da2b2599cca3b2eb7f603e3","searchPosition":20},"boughtBefore":false},{"productId":"5013058-EA-000","brand":"Sunny Crust","name":"White Toast Bread","displayName":"600g","availability":["IN_STORE","ONLINE"],"saleType":"UNITS","restrictedFlag":false,"liquorFlag":false,"tobaccoFlag":false,"originRegulated":false,"singlePrice":{"price":259,"comparativePrice":{"pricePerUnit":43,"unitQuantity":100,"unitQuantityUom":"g","measureDescription":"100g"}},"facets":[{"itemCode":"00020012","itemDescription":"Non-GMO"}],"categoryTrees":[{"level0":"Bakery","level1":"Sliced & Packaged Bread","level2":"White Bread"}],"cateredFlag":false,"algoliaAnalytics":{"searchQueryID":"93ee10b49da2b2599cca3b2eb7f603e3","searchPosition":21},"boughtBefore":false},{"productId":"5104350-KGM-000","name":"NZ Beef Mince","displayName":"kg","availability":["IN_STORE","ONLINE"],"saleType":"WEIGHT","restrictedFlag":false,"liquorFlag":false,"tobaccoFlag":false,"originRegulated":true,"originStatement":"Product of New Zealand","variableWeight":{"minOrderQuantity":300,"stepSize":100,"stepUnitOfMeasure":"g"},"singlePrice":{"price":1899,"comparativePrice":{"pricePerUnit":1899,"unitQuantity":1,"unitQuantityUom":"kg","measureDescription":"1kg"}},"categoryTrees":[{"level0":"Meat, Poultry & Seafood","level1":"Beef","level2":"Beef Mince & Stir Fry"},{"level0":"Meat, Poultry & Seafood","level1":"Mince, Sausages & Meatballs","level2":"Mince"}],"cateredFlag":false,"algoliaAnalytics":{"searchQueryID":"93ee10b49da2b2599cca3b2eb7f603e3","searchPosition":22},"boughtBefore":false},{"productId":"5004821-EA-000","brand":"Rolling Meadow","name":"Butter","displayName":"500g","availability":["IN_STORE","ONLINE"],"saleType":"UNITS","restrictedFlag":false,"liquorFlag":false,"tobaccoFlag":false,"originRegulated":false,"singlePrice":{"price":979,"comparativePrice":{"pricePerUnit":196,"unitQuantity":100,"unitQuantityUom":"g","measureDescription":"100g"}},"facets":[{"itemCode":"00020012","itemDescription":"Non-GMO"}],"categoryTrees":[{"level0":"Fridge, Deli & Eggs","level1":"Butter & Margarine","level2":"Butter"}],"cateredFlag":false,"algoliaAnalytics":{"searchQueryID":"93ee10b49da2b2599cca3b2eb7f603e3","searchPosition":23},"boughtBefore":false},{"productId":"5026067-EA-000","brand":"Nature's Fresh","name":"White Toast Bread","displayName":"700g","availability":["IN_STORE","ONLINE"],"saleType":"UNITS","restrictedFlag":false,"liquorFlag":false,"tobaccoFlag":false,"originRegulated":false,"singlePrice":{"price":359,"comparativePrice":{"pricePerUnit":51,"unitQuantity":100,"unitQuantityUom":"g","measureDescription":"100g"}},"facets":[{"itemCode":"00020012","itemDescription":"Non-GMO"}],"categoryTrees":[{"level0":"Bakery","level1":"Sliced & Packaged Bread","level2":"White Bread"}],"cateredFlag":false,"algoliaAnalytics":{"searchQueryID":"93ee10b49da2b2599cca3b2eb7f603e3","searchPosition":24},"boughtBefore":false},{"productId":"5040641-EA-000","brand":"Pams","name":"Fresh Cream","displayName":"500ml","availability":["IN_STORE","ONLINE"],"saleType":"UNITS","restrictedFlag":false,"liquorFlag":false,"tobaccoFlag":false,"originRegulated":false,"singlePrice":{"price":452,"comparativePrice":{"pricePerUnit":90,"unitQuantity":100,"unitQuantityUom":"ml","measureDescription":"100ml"}},"facets":[{"itemCode":"00020012","itemDescription":"Non-GMO"}],"categoryTrees":[{"level0":"Fridge, Deli & Eggs","level1":"Cream, Custard & Desserts","level2":"Fresh Cream"}],"cateredFlag":false,"algoliaAnalytics":{"searchQueryID":"93ee10b49da2b2599cca3b2eb7f603e3","searchPosition":25},"boughtBefore":false},{"productId":"5040009-EA-000","name":"Spring Onions","displayName":"ea","availability":["IN_STORE","ONLINE"],"saleType":"UNITS","restrictedFlag":false,"liquorFlag":false,"tobaccoFlag":false,"originRegulated":true,"originStatement":"Product of New Zealand","singlePrice":{"price":179},"categoryTrees":[{"level0":"Fruit & Vegetables","level1":"Vegetables","level2":"Onions, Leeks & Shallots"}],"cateredFlag":false,"algoliaAnalytics":{"searchQueryID":"93ee10b49da2b2599cca3b2eb7f603e3","searchPosition":26},"boughtBefore":false},{"productId":"5010717-EA-000","brand":"Bluebird","name":"Originals Ready Salted Potato Chips","displayName":"150g","availability":["IN_STORE","ONLINE"],"saleType":"UNITS","restrictedFlag":false,"liquorFlag":false,"tobaccoFlag":false,"originRegulated":false,"singlePrice":{"price":219,"comparativePrice":{"pricePerUnit":146,"unitQuantity":100,"unitQuantityUom":"g","measureDescription":"100g"}},"facets":[{"itemCode":"00020012","itemDescription":"Non-GMO"},{"itemCode":"00020013","itemDescription":"Vegan"},{"itemCode":"00020004","itemDescription":"Gluten Free"}],"categoryTrees":[{"level0":"Snacks, Treats & Easy Meals","level1":"Chips, Nuts & Snacks","level2":"Chips"},{"level0":"Pantry","level1":"Chips, Nuts & Snacks","level2":"Chips"}],"cateredFlag":false,"algoliaAnalytics":{"searchQueryID":"93ee10b49da2b2599cca3b2eb7f603e3","searchPosition":27},"boughtBefore":false},{"productId":"5101306-KGM-000","name":"Lamb Shoulder Chops","displayName":"kg","availability":["IN_STORE","ONLINE"],"saleType":"WEIGHT","restrictedFlag":false,"liquorFlag":false,"tobaccoFlag":false,"originRegulated":true,"originStatement":"Product of New Zealand","variableWeight":{"unitOfMeasure":"g","averageWeight":150,"minOrderQuantity":300,"stepSize":150,"stepUnitOfMeasure":"g"},"singlePrice":{"price":2099,"comparativePrice":{"pricePerUnit":2099,"unitQuantity":1,"unitQuantityUom":"kg","measureDescription":"1kg"}},"categoryTrees":[{"level0":"Meat, Poultry & Seafood","level1":"Lamb","level2":"Lamb Chops & Cutlets"}],"cateredFlag":false,"algoliaAnalytics":{"searchQueryID":"93ee10b49da2b2599cca3b2eb7f603e3","searchPosition":28},"boughtBefore":false},{"productId":"5237500-KGM-000","name":"Red Kumara","displayName":"kg","availability":["IN_STORE","ONLINE"],"saleType":"BOTH","restrictedFlag":false,"liquorFlag":false,"tobaccoFlag":false,"originRegulated":true,"originStatement":"Product of New Zealand","variableWeight":{"unitOfMeasure":"g","averageWeight":350,"minOrderQuantity":200,"stepSize":100,"stepUnitOfMeasure":"g"},"singlePrice":{"price":449,"comparativePrice":{"pricePerUnit":449,"unitQuantity":1,"unitQuantityUom":"kg","measureDescription":"1kg"}},"categoryTrees":[{"level0":"Fruit & Vegetables","level1":"Vegetables","level2":"Potato & Kumara"}],"cateredFlag":false,"algoliaAnalytics":{"searchQueryID":"93ee10b49da2b2599cca3b2eb7f603e3","searchPosition":29},"boughtBefore":false},{"productId":"5028852-EA-000","brand":"Pams","name":"Fresh Cream","displayName":"300ml","availability":["IN_STORE","ONLINE"],"saleType":"UNITS","restrictedFlag":false,"liquorFlag":false,"tobaccoFlag":false,"originRegulated":false,"singlePrice":{"price":303,"comparativePrice":{"pricePerUnit":101,"unitQuantity":100,"unitQuantityUom":"ml","measureDescription":"100ml"}},"facets":[{"itemCode":"00020012","itemDescription":"Non-GMO"}],"categoryTrees":[{"level0":"Fridge, Deli & Eggs","level1":"Cream, Custard & Desserts","level2":"Fresh Cream"}],"cateredFlag":false,"algoliaAnalytics":{"searchQueryID":"93ee10b49da2b2599cca3b2eb7f603e3","searchPosition":30},"boughtBefore":false},{"productId":"5046525-KGM-000","name":"Royal Gala Apples","displayName":"kg","availability":["IN_STORE","ONLINE"],"saleType":"BOTH","restrictedFlag":false,"liquorFlag":false,"tobaccoFlag":false,"originRegulated":true,"originStatement":"Product of New Zealand","variableWeight":{"unitOfMeasure":"g","averageWeight":160,"minOrderQuantity":200,"stepSize":100,"stepUnitOfMeasure":"g"},"singlePrice":{"price":499,"comparativePrice":{"pricePerUnit":499,"unitQuantity":1,"unitQuantityUom":"kg","measureDescription":"1kg"}},"categoryTrees":[{"level0":"Fruit & Vegetables","level1":"Fruit","level2":"Apples & Pears"}],"cateredFlag":false,"algoliaAnalytics":{"searchQueryID":"93ee10b49da2b2599cca3b2eb7f603e3","searchPosition":31},"boughtBefore":false},{"productId":"5094652-EA-000","brand":"Pams Value","name":"Table Spread","displayName":"500g","availability":["IN_STORE","ONLINE"],"saleType":"UNITS","restrictedFlag":false,"liquorFlag":false,"tobaccoFlag":false,"originRegulated":false,"singlePrice":{"price":179,"comparativePrice":{"pricePerUnit":36,"unitQuantity":100,"unitQuantityUom":"g","measureDescription":"100g"}},"facets":[{"itemCode":"00020007","itemDescription":"Dairy Free"},{"itemCode":"00020012","itemDescription":"Non-GMO"}],"categoryTrees":[{"level0":"Fridge, Deli & Eggs","level1":"Butter & Margarine","level2":"Dairy Free Spreads"},{"level0":"Featured","level1":"Pams","level2":"Dairy & Eggs"}],"cateredFlag":false,"algoliaAnalytics":{"searchQueryID":"93ee10b49da2b2599cca3b2eb7f603e3","searchPosition":32},"boughtBefore":false},{"productId":"5000527-EA-000","brand":"Anchor","name":"Blue Milk","displayName":"2l","availability":["IN_STORE","ONLINE"],"saleType":"UNITS","restrictedFlag":false,"liquorFlag":false,"tobaccoFlag":false,"originRegulated":false,"singlePrice":{"price":543,"comparativePrice":{"pricePerUnit":272,"unitQuantity":1,"unitQuantityUom":"L","measureDescription":"1L"}},"facets":[{"itemCode":"00020012","itemDescription":"Non-GMO"}],"categoryTrees":[{"level0":"Fridge, Deli & Eggs","level1":"Milk","level2":"Fresh Milk"}],"cateredFlag":false,"algoliaAnalytics":{"searchQueryID":"93ee10b49da2b2599cca3b2eb7f603e3","searchPosition":33},"boughtBefore":false},{"productId":"5046505-EA-000","name":"Green Capsicum","displayName":"ea","availability":["IN_STORE","ONLINE"],"saleType":"UNITS","restrictedFlag":false,"liquorFlag":false,"tobaccoFlag":false,"originRegulated":true,"originStatement":"Product of New Zealand","marketingInitiatives":[{"initiativeCode":"AOV"}],"singlePrice":{"price":179,"promoId":"130047431"},"promotions":[{"promoId":"130045238","rewardValue":500,"decal":"6000","sapType":"LAYERED","rewardType":"NEW_PRICE","threshold":3,"multiProducts":true,"cardDependencyFlag":false,"bestPromotion":true,"comparativePrice":{"pricePerUnit":167,"unitQuantity":1,"unitQuantityUom":"ea","measureDescription":"ea"}}],"categoryTrees":[{"level0":"Fruit & Vegetables","level1":"Vegetables","level2":"Tomatoes, Cucumber & Capsicum"},{"level0":"$5 Week 1","level1":"$5 Week 1","level2":"Deals","webContent":{"badgeSmallUrl":"","badgeMediumUrl":"","badgeLargeUrl":"","title":"","subTitle":"","campaignUrl":""},"appContent":{"badgeSmallUrl":"","badgeMediumUrl":"","badgeLargeUrl":"","title":"","subTitle":"","campaignUrl":""}}],"cateredFlag":false,"algoliaAnalytics":{"searchQueryID":"93ee10b49da2b2599cca3b2eb7f603e3","searchPosition":34},"boughtBefore":false},{"productId":"5040011-KGM-000","name":"Orange Kumara","displayName":"kg","availability":["IN_STORE","ONLINE"],"saleType":"BOTH","restrictedFlag":false,"liquorFlag":false,"tobaccoFlag":false,"originRegulated":true,"originStatement":"Product of New Zealand","variableWeight":{"unitOfMeasure":"g","averageWeight":360,"minOrderQuantity":200,"stepSize":100,"stepUnitOfMeasure":"g"},"singlePrice":{"price":449,"comparativePrice":{"pricePerUnit":449,"unitQuantity":1,"unitQuantityUom":"kg","measureDescription":"1kg"}},"categoryTrees":[{"level0":"Fruit & Vegetables","level1":"Vegetables","level2":"Potato & Kumara"}],"cateredFlag":false,"algoliaAnalytics":{"searchQueryID":"93ee10b49da2b2599cca3b2eb7f603e3","searchPosition":35},"boughtBefore":false},{"productId":"5115260-EA-000","brand":"Qiwi","name":"Soft Facial Tissues","displayName":"150pk","availability":["IN_STORE","ONLINE"],"saleType":"UNITS","restrictedFlag":false,"liquorFlag":false,"tobaccoFlag":false,"originRegulated":false,"singlePrice":{"price":129,"comparativePrice":{"pricePerUnit":86,"unitQuantity":100,"unitQuantityUom":" ","measureDescription":"100"}},"categoryTrees":[{"level0":"Health & Body","level1":"Tissues & Cotton Wool","level2":"Tissues"},{"level0":"Household & Cleaning","level1":"Toilet Paper, Tissues & Paper Towels","level2":"Tissues"}],"cateredFlag":false,"algoliaAnalytics":{"searchQueryID":"93ee10b49da2b2599cca3b2eb7f603e3","searchPosition":36},"boughtBefore":false},{"productId":"5001842-EA-000","brand":"Sorbent","name":"Silky White Tissues","displayName":"224pk","availability":["IN_STORE","ONLINE"],"saleType":"UNITS","restrictedFlag":false,"liquorFlag":false,"tobaccoFlag":false,"originRegulated":false,"singlePrice":{"price":319,"comparativePrice":{"pricePerUnit":142,"unitQuantity":100,"unitQuantityUom":" ","measureDescription":"100"}},"categoryTrees":[{"level0":"Health & Body","level1":"Tissues & Cotton Wool","level2":"Tissues"},{"level0":"Household & Cleaning","level1":"Toilet Paper, Tissues & Paper Towels","level2":"Tissues"}],"cateredFlag":false,"algoliaAnalytics":{"searchQueryID":"93ee10b49da2b2599cca3b2eb7f603e3","searchPosition":37},"boughtBefore":false},{"productId":"5039966-EA-000","name":"Cauliflower","displayName":"ea","availability":["IN_STORE","ONLINE"],"saleType":"UNITS","restrictedFlag":false,"liquorFlag":false,"tobaccoFlag":false,"originRegulated":true,"originStatement":"Product of New Zealand","marketingInitiatives":[{"initiativeCode":"AOV"}],"singlePrice":{"price":289,"promoId":"130047438"},"promotions":[{"promoId":"130047439","rewardValue":500,"decal":"6000","sapType":"LAYERED","rewardType":"NEW_PRICE","threshold":2,"multiProducts":true,"cardDependencyFlag":false,"bestPromotion":true,"comparativePrice":{"pricePerUnit":250,"unitQuantity":1,"unitQuantityUom":"ea","measureDescription":"ea"}}],"categoryTrees":[{"level0":"Fruit & Vegetables","level1":"Vegetables","level2":"Broccoli, Cabbage & Cauliflower"},{"level0":"$5 Week 1","level1":"$5 Week 1","level2":"Deals","webContent":{"badgeSmallUrl":"","badgeMediumUrl":"","badgeLargeUrl":"","title":"","subTitle":"","campaignUrl":""},"appContent":{"badgeSmallUrl":"","badgeMediumUrl":"","badgeLargeUrl":"","title":"","subTitle":"","campaignUrl":""}}],"cateredFlag":false,"algoliaAnalytics":{"searchQueryID":"93ee10b49da2b2599cca3b2eb7f603e3","searchPosition":38},"boughtBefore":false},{"productId":"5092718-EA-000","brand":"Pams Value","name":"Chopped Tomatoes in Juice","displayName":"400g","availability":["IN_STORE","ONLINE"],"saleType":"UNITS","restrictedFlag":false,"liquorFlag":false,"tobaccoFlag":false,"originRegulated":false,"singlePrice":{"price":69,"comparativePrice":{"pricePerUnit":173,"unitQuantity":1,"unitQuantityUom":"kg","measureDescription":"1kg"}},"facets":[{"itemCode":"00020013","itemDescription":"Vegan"},{"itemCode":"00020012","itemDescription":"Non-GMO"},{"itemCode":"00020007","itemDescription":"Dairy Free"},{"itemCode":"00020014","itemDescription":"Vegetarian"},{"itemCode":"00020004","itemDescription":"Gluten Free"},{"itemCode":"00020001","itemDescription":"Organic"}],"categoryTrees":[{"level0":"Pantry","level1":"Canned Foods & Packets","level2":"Canned Tomatoes"}],"cateredFlag":false,"algoliaAnalytics":{"searchQueryID":"93ee10b49da2b2599cca3b2eb7f603e3","searchPosition":39},"boughtBefore":false},{"productId":"5201800-EA-000","brand":"Pams Value","name":"Standard Milk","displayName":"1l","availability":["IN_STORE","ONLINE"],"saleType":"UNITS","restrictedFlag":false,"liquorFlag":false,"tobaccoFlag":false,"originRegulated":false,"singlePrice":{"price":296,"comparativePrice":{"pricePerUnit":296,"unitQuantity":1,"unitQuantityUom":"L","measureDescription":"1L"}},"facets":[{"itemCode":"00020012","itemDescription":"Non-GMO"}],"categoryTrees":[{"level0":"Fridge, Deli & Eggs","level1":"Milk","level2":"Fresh Milk"}],"cateredFlag":false,"algoliaAnalytics":{"searchQueryID":"93ee10b49da2b2599cca3b2eb7f603e3","searchPosition":40},"boughtBefore":false},{"productId":"5005354-EA-000","brand":"Kiwi Blue","name":"Still Spring Water","displayName":"1.5l","availability":["IN_STORE","ONLINE"],"saleType":"UNITS","restrictedFlag":false,"liquorFlag":false,"tobaccoFlag":false,"originRegulated":false,"singlePrice":{"price":99,"comparativePrice":{"pricePerUnit":66,"unitQuantity":1,"unitQuantityUom":"L","measureDescription":"1L"}},"facets":[{"itemCode":"00020012","itemDescription":"Non-GMO"}],"categoryTrees":[{"level0":"Hot & Cold Drinks","level1":"Water","level2":"Still Water"}],"cateredFlag":false,"algoliaAnalytics":{"searchQueryID":"93ee10b49da2b2599cca3b2eb7f603e3","searchPosition":41},"boughtBefore":false},{"productId":"5201489-EA-000","brand":"Pams Value","name":"Lite Milk","displayName":"3l","availability":["IN_STORE","ONLINE"],"saleType":"UNITS","restrictedFlag":false,"liquorFlag":false,"tobaccoFlag":false,"originRegulated":false,"singlePrice":{"price":671,"comparativePrice":{"pricePerUnit":224,"unitQuantity":1,"unitQuantityUom":"L","measureDescription":"1L"}},"facets":[{"itemCode":"00020012","itemDescription":"Non-GMO"}],"categoryTrees":[{"level0":"Fridge, Deli & Eggs","level1":"Milk","level2":"Fresh Milk"}],"cateredFlag":false,"algoliaAnalytics":{"searchQueryID":"93ee10b49da2b2599cca3b2eb7f603e3","searchPosition":42},"boughtBefore":false},{"productId":"5026127-EA-000","brand":"Molenberg","name":"Original Toast Bread","displayName":"700g","availability":["IN_STORE","ONLINE"],"saleType":"UNITS","restrictedFlag":false,"liquorFlag":false,"tobaccoFlag":false,"originRegulated":false,"singlePrice":{"price":379,"comparativePrice":{"pricePerUnit":54,"unitQuantity":100,"unitQuantityUom":"g","measureDescription":"100g"}},"facets":[{"itemCode":"00020012","itemDescription":"Non-GMO"}],"categoryTrees":[{"level0":"Bakery","level1":"Sliced & Packaged Bread","level2":"Wholemeal, Grain & Seeded Bread"}],"cateredFlag":false,"algoliaAnalytics":{"searchQueryID":"93ee10b49da2b2599cca3b2eb7f603e3","searchPosition":43},"boughtBefore":false},{"productId":"5030695-EA-000","brand":"Purex","name":"Soft White 2 Ply Toilet Rolls","displayName":"24 x 200 sheets","availability":["IN_STORE","ONLINE"],"saleType":"UNITS","restrictedFlag":false,"liquorFlag":false,"tobaccoFlag":false,"originRegulated":false,"singlePrice":{"price":1029,"comparativePrice":{"pricePerUnit":21,"unitQuantity":100,"unitQuantityUom":"sheets","measureDescription":"100 sheets"}},"categoryTrees":[{"level0":"Household & Cleaning","level1":"Toilet Paper, Tissues & Paper Towels","level2":"Toilet Paper"}],"cateredFlag":false,"algoliaAnalytics":{"searchQueryID":"93ee10b49da2b2599cca3b2eb7f603e3","searchPosition":44},"boughtBefore":false},{"productId":"5025751-EA-000","brand":"Freya's","name":"Swiss Soya Linseed Bread","displayName":"750g","availability":["IN_STORE","ONLINE"],"saleType":"UNITS","restrictedFlag":false,"liquorFlag":false,"tobaccoFlag":false,"originRegulated":false,"singlePrice":{"price":359,"comparativePrice":{"pricePerUnit":48,"unitQuantity":100,"unitQuantityUom":"g","measureDescription":"100g"}},"facets":[{"itemCode":"00020012","itemDescription":"Non-GMO"}],"categoryTrees":[{"level0":"Bakery","level1":"Sliced & Packaged Bread","level2":"Wholemeal, Grain & Seeded Bread"}],"cateredFlag":false,"algoliaAnalytics":{"searchQueryID":"93ee10b49da2b2599cca3b2eb7f603e3","searchPosition":45},"boughtBefore":false},{"productId":"5008561-EA-000","brand":"Vogel's","name":"Original Mixed Grain Toast Bread","displayName":"750g","availability":["IN_STORE","ONLINE"],"saleType":"UNITS","restrictedFlag":false,"liquorFlag":false,"tobaccoFlag":false,"originRegulated":false,"singlePrice":{"price":429,"comparativePrice":{"pricePerUnit":57,"unitQuantity":100,"unitQuantityUom":"g","measureDescription":"100g"}},"facets":[{"itemCode":"00020012","itemDescription":"Non-GMO"}],"categoryTrees":[{"level0":"Bakery","level1":"Sliced & Packaged Bread","level2":"Wholemeal, Grain & Seeded Bread"}],"cateredFlag":false,"algoliaAnalytics":{"searchQueryID":"93ee10b49da2b2599cca3b2eb7f603e3","searchPosition":46},"boughtBefore":false},{"productId":"5003810-EA-000","brand":"Pams","name":"White 2Ply Paper Towels","displayName":"2 x 60 sheets","availability":["IN_STORE","ONLINE"],"saleType":"UNITS","restrictedFlag":false,"liquorFlag":false,"tobaccoFlag":false,"originRegulated":false,"singlePrice":{"price":189,"comparativePrice":{"pricePerUnit":158,"unitQuantity":100,"unitQuantityUom":"sheets","measureDescription":"100 sheets"}},"facets":[{"itemCode":"00020012","itemDescription":"Non-GMO"}],"categoryTrees":[{"level0":"Household & Cleaning","level1":"Toilet Paper, Tissues & Paper Towels","level2":"Paper Towels"},{"level0":"Featured","level1":"Pams","level2":"Cleaning Products"}],"cateredFlag":false,"algoliaAnalytics":{"searchQueryID":"93ee10b49da2b2599cca3b2eb7f603e3","searchPosition":47},"boughtBefore":false},{"productId":"5013060-EA-000","brand":"Sunny Crust","name":"Multigrain Toast Bread","displayName":"600g","availability":["IN_STORE","ONLINE"],"saleType":"UNITS","restrictedFlag":false,"liquorFlag":false,"tobaccoFlag":false,"originRegulated":false,"singlePrice":{"price":259,"comparativePrice":{"pricePerUnit":43,"unitQuantity":100,"unitQuantityUom":"g","measureDescription":"100g"}},"facets":[{"itemCode":"00020012","itemDescription":"Non-GMO"}],"categoryTrees":[{"level0":"Bakery","level1":"Sliced & Packaged Bread","level2":"Wholemeal, Grain & Seeded Bread"}],"cateredFlag":false,"algoliaAnalytics":{"searchQueryID":"93ee10b49da2b2599cca3b2eb7f603e3","searchPosition":48},"boughtBefore":false},{"productId":"5017010-EA-000","brand":"Tip Top","name":"Oatilicious Toast Bread","displayName":"700g","availability":["IN_STORE","ONLINE"],"saleType":"UNITS","restrictedFlag":false,"liquorFlag":false,"tobaccoFlag":false,"originRegulated":false,"singlePrice":{"price":399,"comparativePrice":{"pricePerUnit":57,"unitQuantity":100,"unitQuantityUom":"g","measureDescription":"100g"}},"categoryTrees":[{"level0":"Bakery","level1":"Sliced & Packaged Bread","level2":"Wholemeal, Grain & Seeded Bread"}],"cateredFlag":false,"algoliaAnalytics":{"searchQueryID":"93ee10b49da2b2599cca3b2eb7f603e3","searchPosition":49},"boughtBefore":false},{"productId":"5125281-KGM-000","name":"NZ Pork Leg Roast","displayName":"kg","availability":["IN_STORE","ONLINE"],"saleType":"WEIGHT","restrictedFlag":false,"liquorFlag":false,"tobaccoFlag":false,"originRegulated":true,"originStatement":"Product of New Zealand","variableWeight":{"minOrderQuantity":1500,"stepSize":100,"stepUnitOfMeasure":"g"},"singlePrice":{"price":999,"promoId":"130056354","comparativePrice":{"pricePerUnit":999,"unitQuantity":1,"unitQuantityUom":"kg","measureDescription":"1kg"}},"promotions":[{"promoId":"130056354","rewardValue":999,"decal":"6000","sapType":"BASE","rewardType":"NEW_PRICE","threshold":1,"limit":0,"multiProducts":false,"cardDependencyFlag":false,"bestPromotion":true,"comparativePrice":{"pricePerUnit":999,"unitQuantity":1,"unitQuantityUom":"kg","measureDescription":"1kg"}}],"categoryTrees":[{"level0":"Meat, Poultry & Seafood","level1":"Pork & Ham","level2":"Roast Pork, Pork Belly & Ribs"}],"cateredFlag":false,"algoliaAnalytics":{"searchQueryID":"93ee10b49da2b2599cca3b2eb7f603e3","searchPosition":50},"boughtBefore":false}],"algoliaSearchResult":{"facets":{"brand":{"Pams":809,"Wattie's":155,"Mrs Rogers":111,"Colgate":90,"Anchor":81,"Korbond":81,"Healtheries":80,"Tip Top":72,"Hellers":64,"VitaPet":63,"Gregg's":60,"Value":60,"Ceres Organics":56,"Continental":52,"Dettol":52,"Tasti":52,"Mainland":51,"Griffin's":50,"Maggi":50,"Pams Value":50,"Nivea":49,"Red Seal":49,"Dove":48,"Barker's":47,"Meadow Fresh":47,"Musashi":46,"Huggies":44,"Nestle":43,"Nescafe":41,"Palmolive":40,"McCain":39,"Bic":38,"Masterfoods":37,"Mother Earth":36,"Cadbury":35,"Delmaine":34,"Kellogg's":34,"Heinz":33,"Sealord":33,"Graze":31,"Lewis Road Creamery":31,"Sistema":31,"Whittaker's":31,"Chux":30,"Edmonds":30,"Jed's Coffee Co.":30,"The Collective":30,"Pams Finest":29,"Avalanche":28,"Bundaberg":28,"Energizer":28,"Whiskas":28,"Big Black Sacks":27,"Bluebird":27,"Glow Lab":27,"Kapiti":27,"Palmolive Naturals":27,"Arnott's":26,"Diamond":26,"Fresh To Go":26,"Hubbards":26,"Lindt":26,"Schweppes":26,"Farrah's":25,"Moccona":25,"Old El Paso":25,"Persil":25,"Philips":25,"Best":24,"Chef":24,"Fresh 'n Fruity":24,"Schick":24,"Tegel":24,"Eta":23,"Purina Fancy Feast":23,"Surv":23,"Dairyworks":22,"Dine":22,"Ecostore":22,"Harpic":22,"North Head":22,"San Remo":22,"Head & Shoulders":21,"John West":21,"Lee Kum Kee":21,"Rascals":21,"V":21,"Verkerks":21,"Chelsea":20,"Jacob's Creek":20,"Leggo's":20,"Only Organic":20,"Sanitarium Up & Go":20,"U By Kotex":20,"Campbell's":19,"Eveready":19,"Magnum":19,"Nivea Men":19,"Poise":19,"Schwarzkopf Extra Care":19},"tobacco":{"false":9994},"category1NI":{"Chips, Nuts & Snacks":445,"Canned Foods & Packets":347,"Pams":344,"Biscuits & Crackers":304,"Back to School":290,"Chocolate, Sweets & Chewing Gum":288,"Cooking Sauces, Stocks & Marinades":274,"Hair Care":265,"Stationery & Entertainment":257,"Cheese":238,"Lunchbox Snacks":235,"Spices, Seasoning & Coatings":234,"Baking Supplies & Sugar":231,"Coffee":226,"Table Sauces, Dressings & Condiments":225,"Pasta, Rice & Noodles":224,"Cat":213,"Ice Cream & Sorbet":204,"Yoghurt":202,"Cleaning & Accessories":199,"Easy Meals & Meal Kits":176,"Deli Meats & Smoked Fish":169,"Homewares":165,"Food Wrap, Storage & Bags":163,"Dental & Oral Care":159,"Bath, Shower & Soap":157,"Red Wine":156,"Dog":151,"Soft Drinks & Mixers":148,"Breakfast Cereals":146,"Skin Care & Sun Care":143,"Deli Meats":137,"Laundry":134,"White Wine":130,"Medical & First Aid":125,"$5 Week 1":117,"Juice & Smoothies":111,"Period & Continence Care":111,"World Foods":111,"Vegetables":107,"Dips, Hummus & Antipasti":103,"Vitamins & Supplements":101,"Milk":98,"Deodorant & Body Sprays":97,"Ready to Eat":95,"Batteries & Electrical":93,"Jams, Honey & Spreads":93,"Beer":92,"Tea":91,"Sports & Energy Drinks":90,"Bulk Foods":86,"Desserts":86,"Nappies & Changing":83,"Chilled Soups & Ready Meals":80,"Frozen Chicken & Meat":76,"Garage & Outdoor":76,"Baby & Toddler Food":74,"Sliced & Packaged Bread":72,"Kitchen Cleaners":71,"Cakes, Muffins & Desserts":67,"Hot Chocolate & Milk Drinks":67,"Shaving & Hair Removal":65,"Frozen Fish & Seafood":64,"Bathroom & Toilet Cleaners":61,"Fresh Salad & Herbs":61,"Sports Nutrition & Weight Management":60,"Frozen Vegetables":57,"In-Store Bakery":57,"Oil & Vinegar":56,"Frozen Dumplings, Pies & Snacks":53,"Dishwashing":52,"Frozen Pizza & Ready Meals":52,"Wraps, Pita & Flat Bread":50,"Butter & Margarine":48,"Frozen Fruit & Desserts":46,"Pest & Insect Control":46,"Syrups, Cordials & Powdered Drinks":46,"Long Life & Dairy Free Milk":45,"Chilled Pasta, Pizza & Garlic Bread":43,"Baby & Toddler Toiletries":41,"Toilet Paper, Tissues & Paper Towels":40,"Mince, Sausages & Meatballs":39,"Rose Wine":39,"Seafood":39,"Champagne & Sparkling Wine":38,"Baby Formula":37,"Frozen Chips & Hash Browns":36,"Fruit":36,"Bagels, Crumpets & Pancakes":35,"Cream, Custard & Desserts":34,"Craft Beer":31,"Water":31,"Chicken & Poultry":30,"Kombucha & Functional Drinks":29,"Clothing & Accessories":28,"Nursing & Feeding":28,"Alcohol Free Drinks":27,"Burger Buns, Rolls & Garlic Bread":26,"Cider":24,"Frozen Pastry & Bread":23},"onPromotion":{"61dd754e-8525-4b9e-9e08-173389eea8a8":2714,"c3f9e1a3-fc34-452d-af2e-95349e666ba4":2702,"715f0e22-95e0-45ce-af3a-07057209976e":2698,"4a279605-eaa8-470d-bcd4-0a9e3c9ab43b":2685,"5cf0392f-c187-4fc4-a463-eb269d2e8f45":2660,"90082979-fb9f-4305-9c72-83274fc438cc":2656,"b29a98bd-749c-489c-9eef-6aa38e66a29b":2631,"2ed73be8-936d-4f35-9398-75a707f40a7b":2560,"dbca5e00-f7f9-43ae-91de-031ad16f8a92":2548,"be4c4780-218e-425a-a90f-63e21773572b":2538,"8cd700ae-d96f-4761-bd7a-805d6b93536d":2460,"d8032da3-c1b9-456e-b626-41ce21f8c67b":2401,"3c5e3145-0767-4066-9349-6c0a1313acc5":2383,"bdc5ef4a-c6a7-4f8a-b8cb-28109e6d61c3":2266,"2a1b331a-fc4a-496a-b072-e97cc8f70cae":2066,"d6d39eea-889d-4e20-923c-55cab225cf7f":2060,"c2204dae-579e-4b6b-9d42-2e13ceaa6031":2057,"65defcf2-bc15-490e-a84f-1f13b769cd22":2047,"8f0d70be-5cb7-464b-99cb-8b0130671895":2024,"b92cc33f-b5a8-4b57-9b82-412946800020":1977,"3404c253-577f-45ca-b301-c98312e46efb":1965,"c0f80e87-16be-4488-9553-da437e8c6c2a":1954,"6e6809dd-01bc-45c9-aab1-f01ccd8338b0":1952,"3bfe040b-f0c9-45e0-949b-b9ad5a591d55":1940,"92086ded-a55d-4241-a364-7d7ea91531b4":1937,"48dd98cc-a757-4102-b15d-ea82b4b10571":1931,"49037947-e450-49bf-ba1f-a94551c79a72":1915,"21ecaaed-0749-4492-985e-4bb7ba43d59c":1903,"3bb30799-82ce-4648-8c02-5113228963ed":1895,"01a114de-149c-4f5f-80a1-90cc63f69c6e":1886,"c180a72d-5dbe-4403-b7c7-91655e505492":1877,"714431ab-6e39-4df6-ac77-cfc5c1e25bc8":1864,"e1925ea7-01bc-4358-ae7c-c6502da5ab12":1860,"64eab5b1-8d79-45f4-94f1-02b8cf8b6202":1857,"1c388d5e-29ac-4956-b476-cb3431353d2e":1852,"5f167936-79ae-4f6a-b9d2-74afe1bb096b":1845,"d1cd1fdd-8767-46a6-a8d3-c3e0632c2dc8":1845,"b2e98a14-c8ca-401e-99ed-edf74570c6f6":1838,"af385423-d0f1-41f0-9482-ffd10b745143":1829,"6cda96e1-7d29-44a6-956b-3fcfdecc8184":1820,"529d66cc-60e3-432e-b8d1-efc9f2ec4919":1815,"4fcc1c8e-cc5e-4675-ba25-5e56b579cf69":1800,"7d48a781-4f68-4c91-a908-8659e1b22f95":1773,"53989945-1a28-481d-a61c-d6f75f760ada":1767,"60561e46-ece7-43a7-b142-9b14812586e4":1765,"9cd8eb60-3222-4efc-bd7c-50e03e6a81a4":1761,"33d8d6fc-861a-45ff-9937-5ccdb55eaede":1756,"15e6f441-5c1c-4d25-b4ec-1adf918c49c7":1746,"98ec3885-ac93-4fcb-807b-59c9055c52c4":1730,"94ef1985-cab1-4b39-a2f3-230120f03c16":1727,"a7d09522-bee2-41e4-8fe0-0b82b7f342f5":1712,"6c73764e-b8e6-4e55-ad37-f6a9d207da1f":1700,"b83029b6-5dd5-449e-8056-26f3943a4e18":1699,"50b1216b-d066-4457-b88b-9bccf97bf6d3":1684,"3e82142c-78dc-46f3-82ec-28e65fcf84c9":1614,"b39562a4-2b72-43fe-b9ba-eda1d651ad0b":1577,"076e8177-943b-41fc-a885-ba3d28297acf":1534},"productFacets":{"Non-GMO":4194,"Gluten Free":1186,"Dairy Free":518,"Vegetarian":461,"Low Fat":431,"Vegan":397,"Low Sugar":355,"Organic":260,"Halal":229,"Free Range":100,"Cage Free":47,"Keto":27,"Low Salt":24,"Healthy Heart Tick":1}}},"algoliaFacetQueriesResults":[],"totalHits":1000,"page":0,"totalPages":20,"hitsPerPage":50}


